1670 2688
215 275 266 310 32
600 279 933 307 MATRICULATION
968 282 1098 309 LATIN.

219 366 304 411 Quo
322 369 501 405 fremitus
518 374 647 413 vocat,
668 373 707 405 et
725 368 904 406 sublatus
923 369 973 406 ad
991 371 1148 407 aethera
1166 371 1322 408 clamor.

218 429 381 465 Addunt
399 442 441 466 se
458 432 583 466 socios
600 430 778 474 Rhipeus
794 436 833 466 et
851 434 1047 467 maximus
1066 434 1186 468 armis

219 490 381 534 Epytus,
405 490 528 525 oblati
543 502 610 534 per
627 489 772 536 lunam,
795 490 1061 536 Hypanisque,
1083 491 1315 537 Dymasque,
1411 492 1483 527 340

219 551 271 585 Et
287 550 400 586 lateri
417 551 688 595 agglomerant
705 555 850 597 nostro,
873 551 1099 601 juvenisque
1116 552 1310 589 Coroebus

218 611 483 655 Mygdonides.
539 611 626 648 Illis
644 611 695 647 ad
710 612 870 656 Trojam
887 613 988 648 forte
1004 612 1137 649 diebus

218 672 394 718 Venerat,
418 675 558 709 insano
577 673 822 710 Cassandrae
837 676 1019 710 incensus
1036 687 1177 720 amore,

216 733 269 768 Et
285 745 401 777 gener
419 734 610 768 auxilium
628 734 787 769 Priamo
804 734 1102 779 Phrygibusque
1120 735 1290 771 ferebat:

216 794 368 839 Infelix,
392 797 458 839 qui
475 807 554 829 non
572 807 736 839 sponsae
753 800 956 840 praecepta
973 795 1139 831 furentis
1411 796 1484 832 345

216 855 404 892 Audierit.

217 915 322 960 Quos
338 917 406 952 ubi
423 919 618 954 confertos
637 918 776 955 audere
794 921 835 954 in
852 919 997 964 proelia
1014 919 1109 964 vidi,

215 977 364 1022 Incipio
382 991 496 1023 super
514 979 578 1015 his
593 992 600 1015 :
635 983 644 998 ‘
658 980 685 1015 J
686 992 840 1025 uvenes,
865 981 1082 1016 fortissima
1100 981 1249 1016 frustra

216 1039 389 1084 Pectora,
413 1043 448 1076 si
465 1040 578 1077 vobis
596 1041 803 1077 audentem
818 1047 992 1077 extrema
1009 1041 1149 1085 cupido

217 1101 332 1137 Certa
349 1103 468 1146 sequi,
490 1114 588 1146 quae
605 1104 657 1138 sit
674 1102 789 1138 rebus
806 1103 967 1138 fortuna
983 1102 1125 1138 Videtis
1138 1115 1149 1131 ε
1409 1102 1483 1137 350

215 1163 423 1199 Excessere
440 1175 572 1199 omnes
591 1163 723 1207 adytis
741 1166 894 1208 arisque
909 1164 1057 1200 relictis

215 1225 274 1269 Di,
298 1224 437 1269 quibus
455 1227 659 1268 imperium
676 1225 750 1260 hoc
769 1230 930 1261 steterat
945 1238 952 1261 :
983 1228 1211 1261 succurritis
1228 1226 1317 1260 urbi

215 1287 400 1322 Incensae
414 1299 422 1322 :
435 1274 437 1277 Ι
451 1288 674 1333 moriamur,
697 1290 736 1322 et
754 1289 796 1322 in
813 1286 942 1323 media
959 1300 1069 1322 arma
1087 1300 1258 1323 ruamus.

216 1348 308 1384 Una
326 1348 434 1384 salus
450 1350 578 1394 victis,
601 1348 751 1383 nullam
771 1361 923 1392 sperare
940 1349 1133 1384 salutem.’

217 1410 279 1445 Sic
296 1411 439 1446 animis
456 1409 643 1453 juvenum
660 1410 768 1444 furor
787 1410 955 1446 additus.
1012 1409 1239 1453 Inde—lupi
1258 1421 1326 1444 ceu
1412 1409 1486 1444 355

215 1470 417 1516 Raptores,
442 1475 530 1506 atra
548 1473 590 1506 in
606 1470 757 1515 nebula,
782 1483 878 1516 quos
896 1471 1070 1515 improba
1088 1473 1237 1506 ventris

215 1532 358 1577 Exegit
375 1544 508 1568 caecos
525 1532 662 1578 rabies,
686 1533 881 1577 catulique
897 1533 1025 1568 relicti

215 1593 409 1629 Faucibus
426 1598 654 1638 exspectant
672 1596 902 1638 siccis—per
919 1594 1007 1639 tela,
1031 1607 1097 1639 per
1115 1594 1248 1630 hostes

216 1655 404 1691 Vadimus
421 1655 529 1690 haud
546 1655 706 1690 dubiam
722 1657 764 1690 in
780 1660 954 1701 mortem,
977 1656 1197 1700 mediaeque
1214 1661 1390 1691 tenemus

216 1715 335 1752 Urbis
352 1717 435 1751 iter.
492 1716 580 1751 Nox
599 1720 686 1751 atra
704 1728 803 1751 cava
821 1716 1079 1751 circumvolat
1096 1716 1244 1750 umbra.
1411 1714 1486 1749 360

266 1775 361 1819 Quis
379 1775 528 1810 cladem
546 1775 651 1811 illius
668 1778 805 1820 noctis,
829 1777 916 1820 quis
934 1776 1070 1811 funera
1089 1775 1206 1810 fando

216 1836 402 1882 Explicet,
427 1841 496 1872 aut
513 1839 637 1881 possit
654 1836 826 1872 lacrimis
845 1849 1008 1881 aequare
1024 1836 1174 1871 labores
1186 1836 1203 1871 ἱ)

219 1899 322 1936 Urbs
339 1900 501 1942 antiqua
517 1901 610 1943 ruit,
632 1899 777 1934 multos
796 1898 998 1934 dominata
1015 1911 1081 1943 per
1099 1910 1224 1933 annos
1238 1910 1247 1944 ς

217 1961 393 1996 Plurima
409 1973 548 2005 perque
565 1963 652 1996 vias
671 1966 900 1996 sternuntur
916 1962 1057 1995 inertia
1074 1962 1222 2004 passim

218 2023 397 2067 Corpora,
421 2034 559 2066 perque
576 2021 720 2067 domos,
745 2025 783 2057 et
800 2021 983 2065 religiosa
1000 2021 1160 2056 deorum
1410 2019 1484 2056 365

218 2084 383 2119 Limina.
440 2083 518 2118 Nec
538 2083 609 2118 soli
627 2094 770 2126 poenas
788 2082 885 2117 dant
903 2084 1094 2126 sanguine
1109 2083 1267 2118 Teucriz

219 2143 425 2188 Quondam
441 2146 561 2178 etiam
579 2145 695 2179 victis
712 2143 811 2178 redit
831 2145 872 2177 in
890 2143 1113 2187 praecordia
1130 2145 1268 2187 virtus,

218 2205 466 2249 Victoresque
483 2204 629 2239 cadunt
648 2204 785 2239 Danai.
844 2203 1020 2240 Crudelis
1036 2203 1176 2248 ubique

218 2267 377 2311 Luctus,
400 2265 540 2310 ubique
556 2277 688 2310 pavor,
711 2272 749 2300 et
767 2265 935 2310 plurima
953 2266 1091 2300 mortis
1108 2266 1249 2308 imago.
