1670 2688
251 259 301 296 22
626 266 806 294 MA'rmcU
812 268 958 295 LATION
992 270 1122 297 LAT1N.

249 341 338 381 Huc
355 345 503 382 delecta
519 349 650 383 virum
668 348 799 384 sortiti
816 358 979 393 corpora
995 348 1134 387 furtim

248 404 460 443 Includunt
477 420 591 444 caeco
608 409 732 455 lateri,
756 412 987 456 penitusque
1001 422 1191 452 cavernas

249 460 432 507 Ingentes
448 471 677 510 uterumque
693 471 848 502 armato
864 467 990 503 mih'te
1005 469 1208 514 complent.

297 523 372 560 Est
389 527 431 560 in
448 531 656 571 conspectu
671 526 859 573 Tenedos,
879 530 1088 565 notissima
1105 530 1212 566 fama

247 584 394 632 Insula,
417 584 526 623 dives
543 598 671 634 opum,
694 587 846 624 Priami
863 587 958 625 dum
973 601 1095 635 regna
1110 591 1331 637 manebant,

248 646 361 682 Nunc
377 651 536 683 tantum
552 650 674 695 sinus,
696 652 737 685 et
753 652 876 686 statio
893 649 996 687 male
1011 650 1092 687 fida
1108 654 1253 687 carinis
1267 664 1275 697 ;

247 706 337 743 Huc
353 721 395 745 se
410 711 585 754 provecti
601 709 754 747 deserto
770 713 813 747 in
828 711 944 748 litore
960 712 1143 750 condunt.

248 770 328 806 Nos
346 770 488 807 abiisse
503 773 595 817 rati,
616 776 657 808 et
673 778 792 809 vento
807 774 967 818 petiisse
982 773 1180 818 Mycenas.

248 831 353 874 Ergo
370 834 499 868 omnis
515 831 634 877 longo
651 833 772 870 solvit
789 846 831 870 se
844 834 1009 871 Teucria
1024 835 1157 872 luctu:

248 891 481 927 Panduntur
496 898 654 937 portae:
684 893 800 938 juvat
815 895 881 940 ire,
902 899 943 932 et
960 894 1102 932 Dorica
1118 902 1250 932 castra

248 952 500 998 Desertosque
515 953 647 990 videre
662 954 782 1000 locos,
803 955 973 1002 litusque
988 957 1177 995 relictum.

247 1013 324 1048 Hic
341 1013 533 1060 Dolopum
549 1028 701 1062 manus,
723 1016 790 1052 1110
807 1030 949 1055 saevus
965 1018 1149 1055 tendebat
1165 1021 1339 1056 Achilles
1353 1034 1361 1042 ·

248 1074 448 1112 Classibus
465 1075 530 1112 hic
546 1076 655 1114 locus
669 1090 678 1114 z
708 1077 773 1113 hic
791 1081 873 1115 acie
888 1086 1037 1116 certare
1053 1080 1237 1116 solebant.

247 1135 347 1172 Pars
364 1142 495 1181 stupet
511 1139 700 1183 innuptae
716 1139 862 1175 donum
877 1140 1036 1176 exitiale
1051 1141 1256 1177 Minervae.

248 1197 300 1232 Et
317 1198 457 1234 molem
473 1201 669 1235 mirantur
683 1203 772 1245 equi
786 1213 794 1237 :
822 1203 1046 1247 primusque
1060 1202 1294 1246 Thymoetes

247 1257 344 1293 Duci
362 1260 469 1294 intra
485 1271 619 1296 muros
636 1259 830 1307 hortatur,
852 1266 892 1298 et
909 1274 997 1298 arce
1012 1262 1133 1298 locari
1148 1275 1156 1304 ς

247 1319 336 1355 Sive
353 1318 452 1365 dolo,
475 1332 543 1356 seu
560 1320 642 1365 jam
657 1321 797 1366 Trojae
813 1324 870 1358 sic
887 1323 974 1359 fata
991 1323 1174 1360 ferebant.

251 1380 302 1416 At
319 1381 462 1426 Capys,
477 1386 517 1417 et
534 1394 699 1427 quorum
714 1383 850 1419 melior
867 1387 1061 1420 sententia
1077 1388 1208 1425 menti,

246 1440 329 1478 Aut
345 1442 482 1487 pelago
499 1443 682 1480 Danaum
697 1444 864 1481 insidias
881 1451 1133 1491 suspectaque
1149 1446 1252 1482 dona

246 1501 508 1547 Praecipitare
523 1503 659 1548 jubent
675 1505 934 1551 subjectisque
948 1519 1058 1543 urere
1073 1506 1256 1552 flammis,

246 1561 330 1596 Aut
346 1560 538 1598 terebrare
553 1574 674 1599 cavas
690 1565 791 1599 uteri
806 1568 846 1600 et
862 1568 1014 1601 tentare
1028 1565 1209 1602 latebras.

247 1620 446 1657 Scinditur
462 1623 656 1659 incertum
672 1623 806 1660 studia
822 1626 865 1660 in
881 1627 1081 1661 contraria
1097 1626 1251 1671 vulgus.

297 1682 454 1718 Primus
471 1682 527 1718 ibi
543 1687 636 1720 ante
652 1696 796 1731 omnes,
819 1698 967 1730 magna
983 1688 1194 1722 comitante
1210 1692 1381 1729 caterva,

245 1738 428 1779 Laocoon
445 1743 587 1781 ardens
603 1757 757 1781 summa
774 1744 942 1782 decurrit
960 1746 1010 1782 ab
1027 1759 1123 1791 arce,

246 1802 300 1839 Et
316 1804 473 1848 procul:
508 1804 560 1842 ‘0
577 1808 719 1852 miseri,
743 1819 841 1851 quae
856 1811 973 1843 tanta
989 1809 1156 1854 insania,
1179 1811 1283 1845 cives
1294 1810 1312 1846 P

246 1863 416 1903 Creditis
431 1870 591 1903 avectos
608 1866 740 1902 hostes
751 1867 769 1903 ¹?
795 1872 866 1903 aut
882 1868 965 1904 ulla
980 1871 1131 1913 putatis

246 1925 360 1963 Dona
375 1939 505 1964 carere
520 1926 621 1964 dolis
638 1928 819 1964 Danaum
830 1929 848 1965 P
873 1931 931 1965 sic
947 1935 1065 1967 notus
1081 1931 1218 1967 Ulixes
1228 1931 1246 1968 Ρ

246 1987 330 2025 Aut
345 1987 420 2024 1100
436 1989 579 2025 inclusi
595 1989 705 2034 ligno
721 1990 969 2026 occultantur
984 1991 1138 2037 Achivi,

242 2049 329 2087 Aut
345 2049 442 2086 haec
458 2051 501 2086 in
517 2055 674 2086 nostros
692 2051 886 2087 fabricata
901 2056 963 2088 est
979 2052 1163 2088 machina
1179 2066 1312 2090 muros

240 2112 474 2156 Inspectura
491 2110 628 2147 domos
644 2117 884 2156 venturaque
899 2111 1060 2157 desuper
1075 2113 1172 2158 urbi,

246 2171 329 2207 Aut
345 2171 487 2216 aliquis
502 2171 600 2207 latet
616 2183 732 2208 error.
788 2172 899 2216 Equo
915 2184 964 2208 ne
980 2172 1131 2218 credite,
1153 2175 1300 2212 Teucri.

245 2229 443 2277 Quidquid
459 2231 500 2266 id
515 2239 586 2276 est,
609 2233 727 2268 timeo
741 2231 902 2269 Danaos
917 2237 958 2269 et
975 2229 1079 2269 dona
1095 2237 1288 2273 ferentes?

1468 469 1520 508 20

1466 776 1516 813 25

1466 1079 1519 1117 30

1461 1380 1513 1418 35

1456 1677 1513 1722 40·

1453 1983 1506 2020 45
