1670 2688
424 575 472 616 P.
508 577 763 615 VERGILI
798 575 1079 616 MARONIS

368 714 454 796 A
482 714 555 795 E
585 714 669 795 N
704 715 776 795 E
808 717 838 798 Ι
873 714 955 796 D
976 713 1146 800 OS

475 873 660 911 LIBER
692 872 1025 913 SECUNDUS·

124 1146 387 1184 CONTICUERE
406 1159 551 1191 omneS‚
574 1147 801 1195 intentique
820 1159 890 1182 ora
909 1145 1112 1184 tenebantn

123 1212 224 1249 Inde
243 1214 330 1249 toro
349 1215 464 1261 pater
484 1213 642 1248 Aeneas
662 1212 717 1248 sic
737 1225 847 1248 orsus
867 1211 919 1248 ab
937 1212 1043 1249 alto:

126 1281 134 1297 ‘
147 1277 374 1323 Infandum,
400 1278 546 1326 regina,
569 1276 686 1326 jubes
706 1290 897 1314 renovare
915 1277 1100 1323 dolorem,

119 1343 312 1393 Trojanas
332 1348 378 1381 ut
397 1356 489 1393 opes
508 1346 551 1381 et
569 1343 826 1381 lamentabile
847 1357 1011 1393 regnum

120 1410 313 1448 Eruerint
333 1409 475 1456 Danai,
498 1423 675 1460 quaeque
695 1410 778 1459 ipse
798 1410 1019 1447 miserrima
1048 1411 1143 1458 vidi,

120 1476 176 1515 Et
195 1489 362 1526 quorum
382 1489 473 1525 pars
503 1489 646 1525 magna
665 1475 736 1512 fui.
796 1476 893 1521 Quis
923 1477 1021 1513 talia
1039 1477 1163 1514 fando

119 1542 429 1593 Myrmidonum,
453 1541 710 1591 Dolopumve,
729 1545 801 1579 aut
820 1542 911 1579 duri
931 1543 1042 1580 miles
1062 1542 1190 1589 Ulixi,

117 1608 326 1658 Temperet
344 1622 369 1645 a
383 1608 555 1645 lacrimis
570 1608 584 1645 ’ἔ
612 1612 654 1646 et
671 1609 754 1658 jam
774 1622 854 1645 nox
874 1608 1039 1645 humida
1057 1609 1166 1646 caelo

118 1674 374 1724 Praecipitat,
397 1674 643 1724 suadentque
659 1674 844 1712 cadentia
862 1674 993 1712 sidera
1011 1688 1177 1712 somnos.

118 1741 196 1778 Sed
216 1741 249 1778 si
268 1743 408 1778 tantus
427 1754 537 1777 amor
555 1753 669 1777 casus
690 1753 922 1789 cognoscere
941 1745 1108 1787 nostros,

118 1806 174 1844 Et
192 1806 368 1844 breviter
386 1806 529 1855 Trojae
548 1819 774 1855 supremum
793 1805 932 1844 audire
951 1806 1136 1853 laborem,

117 1873 363 1922 Quamquam
376 1872 532 1908 animus
545 1872 768 1908 meminisse
787 1871 933 1917 horret,
950 1872 1139 1922 luctuque
1152 1873 1311 1923 refugit,

117 1938 321 1987 Incipiam.

391 2005 525 2043 Fracti
544 2004 659 2051 bello,
682 2005 856 2055 fatisque
876 2006 1033 2055 repulsi,

117 2071 312 2109 Ductores
333 2071 528 2118 Danaum,
550 2074 614 2109 tot
632 2072 713 2120 jam
742 2071 969 2108 labentibus
988 2073 1115 2117 annis,

116 2137 253 2174 Instar
272 2138 419 2175 montis
436 2150 592 2186 equum,
614 2136 752 2173 divina
772 2137 947 2174 Palladis
965 2142 1062 2184 arte,

117 2203 356 2247 Aedificant,
378 2209 563 2251 sectaque
581 2203 772 2239 intexunt
791 2202 922 2240 abiete
950 2208 1089 2241 costas.

117 2267 269 2304 Votum
287 2280 360 2317 pro
380 2267 512 2304 reditu
532 2267 723 2304 simulant
739 2282 746 2304 :
776 2281 822 2304 ea
842 2268 948 2305 fama
967 2270 1146 2318 vagatur.

732 2334 762 2358 21

1325 1752 1373 1788 10

1328 2143 1375 2178 15
