1670 2688
240 295 290 331 34
614 305 947 331 MATRICULATION
977 305 1109 332 LATIN.

283 373 383 421 Heu,
407 375 508 410 nihil
524 377 661 411 invitis
680 375 741 411 fas
759 387 988 420 quemquam
1005 375 1121 411 fidere
1137 374 1272 412 Divis!

236 436 335 472 Ecce
351 436 582 472 trahebatur
599 438 726 480 passis
744 436 938 471 Priameia
955 438 1068 480 virgo

238 497 419 533 Crinibus
438 509 461 532 a
479 497 623 540 templo
642 497 865 533 Cassandra
883 496 1087 541 adytisque
1104 497 1311 543 Minervae,

238 557 301 593 Ad
317 557 466 593 caelum
483 558 644 594 tendens
662 558 838 594 ardentia
855 558 1005 593 lumina
1024 559 1171 594 frustra
1185 570 1193 594 ε

238 620 416 664 Lumina,
439 631 533 654 nam
549 624 702 655 teneras
720 619 903 654 arcebant
920 619 1078 655 vincula
1094 620 1255 664 palmas.

239 681 328 716 Non
344 680 437 716 tulit
453 679 556 715 hanc
574 681 739 724 speciem
756 680 904 716 furiata
921 685 1049 715 mente
1066 680 1270 725 Coroebus,

239 742 293 778 Et
309 754 391 778 sese
406 741 577 777 medium
594 741 726 785 injecit
743 744 938 785 periturus
954 742 998 777 111
1015 753 1165 786 agmen.

239 803 518 848 Consequimur
535 805 676 846 cuncti,
699 808 738 838 et
756 803 886 839 densis
902 805 1138 839 incurrimus
1156 806 1286 840 armis.

240 863 317 899 Hic
332 865 502 909 primum
518 875 567 898 ex
584 863 665 899 alto
683 863 831 898 delubri
848 863 1015 899 culmine
1030 864 1119 900 telis

240 926 473 960 Nostrorum
489 923 699 970 obruimur,
724 927 920 969 oriturque
936 927 1154 961 miserrima
1172 925 1317 969 caedes,

240 987 451 1022 Armorum
467 986 577 1032 facie,
599 990 639 1022 et
656 986 867 1021 Graiarum
881 998 1008 1022 errore
1024 986 1215 1030 jubarum.

241 1048 341 1083 Tum
357 1047 486 1083 Danai
502 1048 650 1091 gemitu
667 1054 783 1091 atque
797 1052 949 1091 ereptae
964 1049 1131 1091 virginis
1148 1049 1207 1084 ira

242 1107 423 1152 Undique
439 1107 590 1143 collecti
606 1107 814 1145 invadunt„
835 1109 1044 1144 acerrimus
1061 1108 1175 1153 Ajax,

242 1169 296 1205 Et
313 1170 458 1214 gemini
474 1168 646 1214 Atridae,
670 1168 933 1213 Dolopumque
949 1172 1140 1205 exercitus
1157 1172 1294 1206 omnis.

243 1230 410 1267 Adversi
425 1235 541 1274 rupto
559 1241 628 1265 ceu
644 1229 840 1274 quondam
857 1230 1011 1265 turbine
1027 1233 1135 1266 venti

246 1290 482 1336 Confligunt,
506 1290 784 1335 Zephyrusque
800 1291 1000 1335 Notusque
1015 1296 1054 1327 et
1071 1292 1196 1328 laetus
1214 1293 1308 1328 Eois

244 1353 374 1388 Eurus
390 1354 497 1397 equis
512 1363 520 1387 :
550 1351 723 1387 stridunt
741 1352 873 1396 silvae,
897 1354 1095 1396 saevitque
1112 1353 1273 1388 tridenti

246 1413 433 1458 Spumeus
450 1416 566 1456 atque
581 1413 661 1447 imo
678 1412 824 1448 Nereus
840 1414 916 1447 ciet
932 1425 1098 1457 aequora
1116 1413 1247 1449 fundo.

246 1474 311 1510 1111
325 1475 455 1518 etiam,
479 1474 515 1509 si
531 1485 628 1518 quos
645 1472 809 1509 obscura
826 1477 939 1508 nocte
954 1485 1024 1518 per
1041 1473 1220 1508 umbram

246 1534 436 1571 Fudimus
453 1533 617 1579 insidiis,
640 1538 800 1578 totaque
816 1536 1055 1578 agitavimus
1072 1534 1175 1577 urbe,

248 1598 446 1642 App-arent
463 1608 471 1632 :
500 1597 617 1641 primi
633 1595 774 1640 clipeos
790 1599 1028 1640 mentitaque
1044 1597 1122 1632 tela

247 1659 489 1703 Agnoscunt,
513 1662 629 1702 atque
645 1669 714 1692 ora
732 1669 827 1693 sono
845 1657 1038 1693 discordia
1056 1661 1226 1702 signant.

248 1720 358 1756 Ilicet
376 1719 576 1754 obruimur
593 1731 753 1754 numero
767 1731 776 1755 :
804 1721 1026 1764 primusque
1043 1719 1235 1756 Coroebus

248 1780 402 1818 Penelei
417 1779 553 1816 dextra
570 1780 693 1816 Divae
710 1782 978 1824 armipotentis
995 1780 1046 1816 ad
1064 1794 1173 1817 aram

249 1841 475 1879 Procumbit
489 1853 497 1876 :
527 1841 634 1876 cadit
649 1845 689 1876 et
705 1840 891 1886 Rhipeus,
915 1841 1156 1885 justissimus
1172 1855 1276 1878 unus

251 1903 327 1947 Qui
343 1904 419 1938 fuit
437 1904 479 1937 in
495 1903 663 1947 Teucris,
687 1906 725 1937 et
744 1904 1060 1938 servantissimus
1079 1905 1188 1947 aequi
1202 1915 1211 1948 ;

249 1965 319 2001 Dis
337 1964 449 2000 aliter
466 1966 606 1999 visum.
663 1963 830 1999 Pereunt
847 1963 1102 2008 Hypanisque
1119 1964 1340 2009 Dymasque

251 2026 404 2062 Confixi
421 2038 444 2061 a
462 2027 577 2061 sociis
592 2037 600 2071 3
629 2035 698 2059 nec
716 2030 754 2059 te
771 2029 841 2059 tua
859 2024 1035 2069 plurima,
1059 2024 1230 2069 Panthu,

249 2087 461 2123 Labentem
478 2088 615 2130 pietas,
637 2097 706 2121 nec
723 2086 917 2129 Apollinis
934 2086 1059 2120 11111113
1077 2088 1185 2122 texit.

249 2147 362 2183 111301
378 2147 524 2182 cineres
540 2150 579 2182 et
595 2145 756 2181 flamma
773 2151 944 2181 extrema
962 2158 1143 2191 meorum,

249 2208 384 2244 Testor
401 2208 444 2242 in
461 2218 601 2242 occasu
618 2212 749 2242 vestro
767 2219 836 2241 1100
854 2206 932 2241 tela
949 2219 1018 2242 nec
1035 2207 1138 2243 ullas

250 2268 448 2306 Vitavisse
463 2269 570 2305 vices
587 2267 778 2313 Danaum,
801 2271 852 2312 et,
874 2268 910 2303 si
925 2267 1012 2303 fata
1029 2267 1206 2314 fuissent,

1427 557 1504 595 405

1429 864 1507 900 410

1433 1169 1509 1206 415

1435 1473 1512 1510 420

1437 1780 1515 1818 425

1439 2085 1514 2123 430
