1670 2688
580 317 780 341 AlcNfflnos
812 316 886 341 Lm.
923 316 962 341 11.

184 401 341 438 Primus
359 414 408 447 se,
432 402 613 437 Danaum
631 414 774 446 magna
792 404 1002 438 comitante
1019 408 1186 448 caterva,

137 461 361 508 Androgeos
378 463 489 498 offert
507 463 628 509 nobis,
652 465 757 499 socia
775 466 932 508 agmina
951 464 1106 499 credens

136 523 298 569 Inscius,
322 529 437 569 atque
452 523 558 559 ultro
574 524 702 560 verbis
719 524 924 568 compellat
943 526 1077 559 amicis
1094 537 1101 560 ε

141 584 369 630 ‘Festinate,
392 586 492 631 Viri3
520 596 614 620 nam
630 596 728 629 quae
745 588 828 619 tam
846 596 931 620 sera
948 592 1122 619 moratur

135 646 353 690 segnities?
389 645 471 681 Alii
487 647 646 690 rapiunt
663 647 821 681 incensa
838 645 1041 690 feruntque

133 708 326 752 Pergama
340 720 349 744 ε
377 719 450 744 vos
467 707 580 743 celsis
596 719 700 742 nunc
716 710 885 752 primum
903 720 927 743 a
943 707 1111 743 navibus
1130 710 1195 743 itis
1208 709 1225 743 5>
1237 709 1246 725 ’

134 769 243 804 Dixit
257 781 266 806 ε
293 773 333 805 et
349 768 541 813 extemplo
560 770 696 816 (neque
711 771 816 804 enim
832 780 1018 813 responsa
1035 768 1230 803 dabantur

132 829 233 866 Fida
249 828 365 879 satis)
383 832 505 866 sensit
521 829 667 865 medios
684 828 865 874 delapsus
883 831 925 864 in
943 830 1084 865 hostes.

137 891 343 936 Obstipuit,
364 895 540 935 retroque
555 883 689 935 pedem
705 903 795 925 cum
811 902 905 927 voce
921 893 1111 934 repressit.

134 954 394 997 Improvisum
412 954 538 996 aspris
553 952 676 988 veluti
693 954 759 997 qui
776 951 950 988 sentibus
969 964 1134 996 anguem

134 1015 282 1051 Pressit
300 1014 410 1049 humi
426 1015 564 1059 nitens,
588 1012 833 1058 trepidusque
849 1018 1002 1058 repente
1018 1014 1162 1056 refugit

135 1075 389 1111 Attollentem
406 1076 495 1117 iras,
517 1078 556 1109 et
570 1073 723 1109 caerula
740 1074 841 1109 coila
858 1078 1068 1109 tumentem
1085 1085 1093 1118 3

135 1134 255 1170 Haud
272 1147 383 1171 secus
399 1134 627 1177 Androgeos
643 1136 733 1169 visu
750 1134 1000 1168 tremefactus
1019 1133 1161 1169 abibat.

135 1196 334 1241 Irruimus,
357 1194 487 1230 densis
502 1198 541 1230 et
558 1194 905 1229 circumfundimur
922 1197 1041 1229 armis
1055 1206 1064 1240 ;

133 1255 372 1301 Ignarosque
388 1255 463 1290 loci
480 1257 627 1300 passim
643 1259 682 1290 et
700 1255 904 1290 formidine
921 1265 1054 1299 captos

135 1317 348 1362 §sternimus
363 1329 371 1364 3
400 1319 549 1361 aspirat
565 1319 690 1360 primo
707 1317 865 1351 fortuna
882 1316 1015 1352 labori.

137 1378 262 1423 Atque
278 1378 343 1413 hic
361 1389 540 1414 successu
561 1376 763 1411 exsuitans
782 1377 996 1419 animisque
1014 1374 1230 1410 Coroebus:

141 1440 194 1477 ‘O
212 1442 317 1485 socii,
340 1452 415 1484 qua
433 1439 587 1484 prima,’
604 1440 740 1483 inquit,
771 1438 950 1472 ‘fortuna
969 1438 1107 1472 salutis

135 1498 330 1537 Monstrat
347 1503 429 1546 iter,
452 1511 601 1545 quaque
616 1499 785 1534 ostendit
802 1511 842 1534 se
859 1499 1005 1542 dextra,
1029 1511 1242 1542 sequamur.

135 1562 329 1598 Mutemus
347 1561 498 1606 clipeos,
521 1560 774 1603 Danaumque
791 1561 962 1602 insignia
980 1558 1091 1593 nobis

134 1623 322 1668 Aptemus
337 1634 344 1658 :
374 1622 486 1657 dolus
504 1633 557 1656 an
573 1623 712 1666 virtus,
735 1622 822 1664 quis
840 1622 881 1654 in
898 1620 1010 1655 hoste
1026 1619 1226 1663 requirat?

136 1685 259 1720 Arma
276 1683 425 1718 dabunt
442 1682 546 1727 ipsi.’
596 1682 658 1718 Sic
676 1682 794 1727 fatus,
818 1681 954 1716 deinde
971 1685 1187 1715 comantem

135 1744 332 1788 Androgei
348 1743 501 1788 galeam
517 1742 700 1787 clipeique
716 1743 868 1785 insigne
885 1741 1063 1776 decorum

135 1805 326 1850 Induitur,
349 1804 536 1848 laterique
552 1804 746 1847 Argivum
763 1802 1029 1838 accommodat
1046 1814 1185 1837 ensem.

135 1866 221 1901 Hoc
238 1865 423 1910 Rhipeus,
447 1864 521 1899 hoc
538 1865 619 1908 ipse
635 1863 795 1908 Dymas,
818 1865 1017 1906 omnisque
1034 1862 1217 1905 juventus

135 1928 257 1963 Laeta
274 1928 370 1962 facit
385 1939 393 1962 :
423 1926 557 1970 spoliis
575 1937 615 1961 se
631 1927 790 1970 quisque
806 1924 1022 1959 recentibus
1040 1930 1178 1958 armat.

141 1988 325 2024 Vadimus
342 1988 513 2022 immixti
529 1986 687 2031 Danais,
712 1985 819 2020 haud
836 1987 994 2020 numine
1010 1990 1143 2019 nostro
1160 1996 1169 2030 5

135 2049 335 2094 Multaque
352 2061 417 2093 per
434 2060 589 2083 caecam
605 2048 802 2090 congressi
819 2047 962 2090 proelia
979 2051 1131 2080 noctem

136 2111 393 2156 Conserimus,
415 2109 560 2144 multos
577 2108 758 2143 Danaum
776 2108 1014 2142 demittimus
1034 2106 1141 2141 Orco.

135 2171 355 2216 Diffugiunt
372 2170 441 2206 alii
458 2169 509 2205 ad
525 2182 654 2214 naves,
678 2173 716 2204 et
734 2169 850 2203 litora
868 2180 983 2203 cursu

134 2231 235 2268 Fida
252 2235 411 2278 petunt:
439 2243 530 2276 pars
548 2233 742 2274 ingentem
761 2230 964 2264 formidine
982 2231 1086 2273 turpi

137 2293 338 2335 Scandunt
354 2305 490 2329 rursus
506 2304 654 2336 equum,
678 2295 716 2325 et
734 2296 827 2325 nota
846 2290 1064 2326 conduntur
1082 2291 1124 2325 in
1141 2291 1241 2327 a1v0.

1348 303 1368 337 3
1375 303 1396 336 3

1323 402 1396 437 370

1321 707 1395 743 375

1321 1013 1395 1048 380

1321 1315 1394 1351 385

1321 1619 1394 1654 390

1322 1921 1396 1957 395

1323 2228 1397 2263 400
