1670 2688
573 276 773 303 AENEIDOS
796 277 873 303 LIB.
905 277 947 305 11.

132 367 287 403 Moenia
304 365 571 401 Dardanidum
586 365 595 401 ἱ
623 368 757 409 quater
775 366 858 409 ipso
875 366 916 400 in
934 364 1065 401 limine
1082 370 1215 410 portae

134 426 329 473 Substitit,
353 431 467 471 atque
482 431 592 462 utero
609 428 782 462 sonitum
799 430 934 470 quater
952 439 1061 462 arma
1079 426 1221 462 dedere.

134 486 334 523 Instamus
350 491 483 522 tamen
500 488 741 522 immemores
758 488 933 531 caecique
950 487 1089 530 furore,

134 547 188 584 Et-
204 552 423 583 monstrum
441 547 578 582 infelix
595 551 751 583 sacrata
768 549 944 583 sistimus
961 560 1057 582 arce.

182 608 291 644 Tunc
307 611 427 644 etiam
445 602 539 643 fatis
557 610 680 652 aperit
698 607 921 644 Cassandra
938 608 1082 644 futuris

135 669 224 715 Ora,
247 669 317 705 Dei
333 669 445 713 jussu
462 681 542 704 non
558 680 730 713 unquam
747 667 894 704 credita
908 668 1074 705 Teucrls.

134 730 215 766 Nos
232 729 390 765 delubra
408 730 532 765 Deum
547 731 689 775 miseri,
713 728 853 773 quibus
869 729 1032 765 ultimus
1048 735 1148 779 esset

133 790 204 826 Ille
220 789 311 836 dies,
335 791 436 826 festa
454 790 629 826 velamus
646 789 783 825 fronde
798 802 865 834 per
881 789 1025 825 urbem.

182 851 357 887 Vertitur
374 853 520 887 interea
537 851 696 896 caelum,
718 854 758 886 et
775 853 856 886 ruit
874 850 1026 887 Oceano
1043 864 1131 896 nox,

133 912 342 949 Involvens
358 912 497 948 umbra
513 924 659 955 magna
675 919 893 957 terramque
909 913 1111 957 polumque

133 974 495 1019 Myrmidonumque
511 973 620 1010 dolos
635 986 643 1010 ε
672 974 752 1010 fusi
768 986 835 1018 per
851 977 1003 1010 moenia
1019 975 1156 1010 Teucri

134 1036 381 1073 Conticuere:
410 1047 524 1080 sopor
541 1035 664 1071 fessos
682 1036 948 1080 complectitur
967 1045 1086 1072 artus.

182 1097 236 1132 Et
252 1096 333 1141 jam
349 1097 500 1140 Argiva
516 1097 691 1141 phalanx
707 1098 911 1142 instructis
929 1098 1096 1134 navibus
1114 1097 1196 1133 ibat

133 1157 170 1194 A
186 1157 349 1202 Tenedo,
370 1159 513 1193 tacitae
529 1169 596 1202 per
613 1159 739 1192 amica
757 1158 912 1193 silentia
929 1158 1053 1203 lunae,

134 1219 269 1255 Litora
284 1222 380 1254 nota
396 1223 528 1263 petens
542 1230 550 1254 :
579 1217 759 1254 flammas
777 1231 865 1253 cum
881 1221 988 1263 regia
1005 1222 1143 1264 puppis

134 1279 350 1324 Extulerat,
373 1279 542 1323 fatisque
558 1278 682 1314 Deum
699 1278 879 1315 defensus
897 1281 1049 1324 iniquis,

133 1340 309 1376 Inclusos
326 1344 435 1375 utero
453 1340 610 1376 Danaos
626 1343 665 1375 et
682 1342 795 1384 pinea
812 1341 950 1376 furtim

134 1401 263 1436 Laxat
280 1401 450 1436 claustra
469 1401 599 1437 Sinon.
655 1400 750 1436 Illos
767 1402 986 1445 patefactus
1004 1401 1054 1438 ad
1072 1415 1189 1438 auras

133 1461 279 1497 Reddit
294 1473 423 1507 equus,
446 1461 613 1506 laetique
630 1473 728 1497 cavo
746 1473 786 1497 se
801 1462 936 1497 robore
953 1468 1136 1507 promunt

134 1522 403 1559 Thessandrus
421 1523 697 1568 Sthenelusque
713 1522 841 1568 duces,
861 1527 900 1558 et
918 1523 1026 1560 dirus
1044 1524 1190 1569 Ulixes,

135 1585 354 1620 Demissum
370 1583 471 1628 lapsi
488 1596 554 1628 per
571 1585 713 1629 funem,
737 1585 990 1630 Acamasque,
1011 1585 1224 1630 Thoasque,

135 1645 357 1690 Pelidesque
373 1645 655 1689 Neoptolemus,
678 1647 900 1690 primusque
916 1646 1120 1691 Machaon,

136 1707 189 1742 Et
205 1706 412 1751 Menelaus,
434 1710 473 1741 et
490 1707 571 1750 ipse
587 1705 667 1741 doli
684 1706 896 1742 fabricator
914 1707 1048 1751 Epeos.

135 1766 336 1802 Invadunt
352 1765 486 1801 urbem
502 1777 639 1801 somno
655 1768 822 1811 vinoque
838 1766 1029 1810 sepultam
1044 1779 1052 1813 ;

136 1826 359 1865 Caeduntur
375 1827 524 1873 vigiles,
547 1828 742 1872 portisque
758 1828 981 1872 patentibus
999 1840 1131 1865 omnes

134 1890 343 1933 Accipiunt
360 1890 495 1934 socios,
518 1892 633 1933 atque
650 1890 809 1932 agmina
826 1891 980 1925 conscia
998 1889 1177 1933 jungunt.

182 1950 348 1994 Tempus
363 1954 459 1994 erat,
482 1961 557 1994 quo
575 1951 702 1994 prima
718 1951 825 1994 quies
842 1950 1071 1986 mortalibus
1090 1953 1217 1994 aegris

135 2010 288 2055 Incipit,
310 2013 349 2045 et
366 2008 467 2044 dono
484 2009 629 2045 Divum
645 2012 871 2052 gratissima
888 2012 1016 2054 serpit.

135 2070 185 2106 In
201 2072 360 2114 somnis,
380 2081 474 2114 ecce,
499 2074 590 2105 ante
606 2069 738 2106 oculos
755 2072 1037 2106 maestissimus
1053 2070 1199 2106 Hector

135 2128 254 2166 Visus
271 2128 405 2164 adesse
420 2128 528 2174 mihi,
551 2129 757 2173 largosque
771 2129 965 2165 effundere
981 2128 1095 2165 fietus
1109 2142 1118 2176 ς

135 2189 333 2234 Raptatus
350 2188 461 2233 bigis,
484 2193 529 2224 ut
546 2189 751 2233 quondam,
776 2194 931 2234 aterque
948 2194 1105 2225 cruento

135 2250 308 2296 Pulvere,
329 2261 468 2294 perque
483 2248 595 2294 pedes
612 2249 799 2295 trajectus
815 2249 899 2286 lora
916 2254 1118 2288 tumentes.

1323 546 1397 584 245

1323 851 1397 888 250

1324 1158 1397 1194 255

1324 1463 1397 1499 260

1322 1767 1397 1804 265

1321 2070 1396 2107 270
