1670 2688
246 264 296 302 26
624 267 955 295 MATRICULATION
991 269 1120 297 LATIN„

244 349 334 396 Ipse
349 353 436 388 viro
452 353 601 396 primus
618 354 794 388 manicas
813 358 928 397 atque
945 358 1032 389 arta
1049 353 1171 390 levari

246 411 384 448 Vincla
402 412 509 456 jubet
525 413 718 459 Priamus,
742 413 931 459 dictisque
948 417 1005 450 ita
1022 415 1131 450 fatur
1148 418 1308 453 amicis:

253 475 261 493 ‘
275 473 459 519 Quisquis
475 486 526 519 es,
551 477 718 511 amissos
735 474 828 510 hinc
844 475 927 519 jam
943 475 1169 512 obliviscere
1185 477 1348 514 Graios:

247 534 386 570 Noster
401 537 478 570 eris
494 547 503 571 ε
532 535 703 580 mihique
719 535 815 571 haec
831 535 998 571 edissere
1013 548 1106 572 vera
1122 539 1289 582 roganti.

248 594 332 638 Quo
348 595 490 631 molem
506 595 610 632 hanc
627 598 811 633 immanis
827 598 914 641 equi
927 598 1122 634 statuere?
1148 601 1235 643 quis
1246 599 1407 635 auct-or?
1439 599 1511 634 150

249 655 397 699 Quidve
413 662 551 702 petunt
561 657 579 693 ἶ)
605 669 704 702 quae
719 657 882 702 religio?
909 664 978 692 aut
995 670 1093 703 quae
1108 659 1293 694 machina
1310 659 1399 694 belli
1410 659 1427 694 ἱ)
1439 660 1448 676 ’

247 716 416 753 Dixerat.
472 717 544 753 Ille
561 717 662 754 dolis
678 721 895 755 instructus
911 725 950 755 et
968 724 1052 755 arte
1069 720 1247 765 Pelasga,

247 778 414 814 Sustulit
430 784 570 815 exutas
587 779 730 816 vinclis
747 779 799 815 ad
816 780 944 816 sidera
960 781 1113 826 palmas
1127 793 1136 817 ε

253 842 262 860 ⁴
275 839 364 885 Vos,
388 842 535 876 aeterni
550 842 671 886 ignes,
694 847 734 877 et
750 853 830 877 non
846 841 1028 878 violabile
1043 850 1220 878 vestrum

244 900 380 937 Testor
397 902 569 947 numen‚'
586 904 643 937 ait
657 914 666 938 ε
702 904 804 947 ‘vos,
828 915 919 938 arae
934 915 1117 948 ensesque
1132 903 1303 949 nefandi,
1441 904 1512 939 155

249 961 353 1006 Quos
371 962 455 1006 fugi
472 974 481 1008 3
508 965 708 1008 vittaeque
724 963 857 1009 Deum,
880 976 977 1009 quas
994 963 1126 1000 hostia
1143 967 1245 1008 gessi
1263 977 1272 1010 ς

246 1023 326 1060 Fas
343 1024 441 1059 mihi
459 1024 667 1060 Graiorum
684 1030 841 1061 sacrata
857 1026 1047 1062 resolvere
1064 1026 1151 1070 jura
1165 1038 1174 1072 ;

246 1083 326 1120 Fas
343 1084 471 1120 odisse
485 1086 603 1130 viros,
627 1090 742 1134 atque
759 1087 890 1121 omnia
909 1086 1007 1122 ferre
1024 1086 1097 1122 sub
1115 1099 1241 1130 auras,

248 1145 289 1182 Si
305 1158 381 1190 qua
398 1150 537 1190 tegunt
551 1158 560 1192 ;
588 1151 720 1182 teneor
736 1148 887 1191 patriae
902 1159 972 1182 nec
988 1147 1138 1191 legibus
1155 1148 1257 1183 ullis.

244 1207 305 1242 Tu
322 1207 436 1242 modo
452 1209 655 1252 promissis
671 1220 844 1252 maneas,
865 1214 1095 1253 servataque
1111 1221 1240 1245 serves
1443 1209 1514 1245 160

244 1267 364 1312 Troja
379 1266 505 1314 fidem,
528 1269 564 1304 si
579 1280 674 1304 Vera
691 1268 824 1312 feram,
847 1269 884 1305 si
899 1281 1046 1314 magna
1062 1269 1278 1313 rependam.

302 1331 312 1350 ‘
324 1328 461 1366 Omnis
477 1341 565 1374 spes
581 1329 764 1365 Danaum
779 1334 819 1365 et
837 1332 963 1375 coepti
978 1330 1122 1366 fiducia
1138 1330 1228 1366 belli

246 1389 423 1427 Palladis
440 1391 599 1427 auxiliis
616 1403 764 1436 semper
781 1394 902 1427 stetit.
958 1391 1108 1436 Impius
1125 1404 1172 1427 ex
1190 1404 1265 1436 quo

245 1452 415 1497 Tydides
432 1451 499 1489 sed
514 1455 620 1488 enim
637 1453 896 1497 scelerumque
912 1454 1093 1488 inventor
1110 1453 1248 1489 Ulixes

246 1513 385 1550 Fatale
400 1515 577 1558 aggressi
594 1518 749 1550 sacrato
766 1514 931 1550 avellere
946 1514 1091 1558 templo
1442 1514 1516 1550 165

247 1574 481 1620 Palladium,
503 1576 627 1611 caesis
644 1587 819 1611 summae
834 1575 1063 1612 custodibus
1080 1577 1192 1621 arcis,

248 1634 474 1680 Corripuere
490 1647 644 1671 sacram
660 1635 835 1681 effigiem,
856 1636 1113 1681 manibusque
1129 1638 1301 1673 cruentis

249 1695 455 1740 Virgineas
472 1697 560 1732 ausi
576 1696 701 1732 Divae
717 1698 941 1741 contingere
957 1699 1081 1733 vittas
1095 1709 1105 1742 ;

247 1757 310 1793 Ex
327 1757 394 1794 illo
410 1756 529 1794 fluere
546 1770 593 1794 ac
608 1762 713 1794 retro
732 1757 917 1803 sublapsa
932 1758 1069 1794 referri

248 1819 341 1863 Spes
358 1819 539 1854 Danaum
553 1831 561 1866 ;
590 1819 740 1855 fractae
755 1821 869 1865 vires,
892 1831 1031 1855 aversa
1048 1819 1150 1856 Deae
1166 1833 1284 1857 mens.
1444 1819 1517 1856 170

247 1879 326 1916 Nec
344 1879 471 1916 dubiis
487 1892 533 1916 ea
551 1882 667 1924 signa
683 1879 790 1915 dedit
805 1879 984 1916 Tritonia
1000 1883 1198 1917 monstris.

246 1939 325 1976 Vix
341 1943 511 1985 positum
528 1943 670 1977 castris
686 1940 939 1976 simulacrum
953 1953 962 1987 3
991 1953 1120 1977 arsere
1136 1953 1317 1978 coruscae

246 2000 478 2038 Luminibus
495 2000 678 2037 flammae
694 2003 865 2046 arrectis,
889 2002 1092 2046 salsusque
1108 2014 1175 2046 per
1192 2009 1303 2038 artus

247 2062 372 2099 Sudor
387 2065 446 2109 iit,
468 2067 601 2108 terque
616 2065 703 2107 ipsa
720 2063 803 2099 solo
824 2063 1016 2108 (mirabile
1032 2062 1158 2111 dictu)

247 2123 427 2168 Emicuit,
450 2135 701 2168 parmamque
718 2123 843 2159 ferens
860 2123 1092 2168 hastamque
1108 2128 1345 2160 trementem.
1442 2122 1516 2159 175

247 2184 451 2228 Extemplo
468 2183 657 2220 tentanda
674 2184 770 2227 fuga
787 2185 894 2218 canit
912 2196 1078 2228 aequora
1096 2184 1275 2227 Calchas,

248 2245 324 2283 Neo
340 2256 452 2289 posse
467 2244 664 2288 Argolicis
679 2243 854 2280 exscindi
872 2243 1066 2287 Pergama
1083 2244 1183 2288 telis,
