<?xml version="1.0" encoding="UTF-8"?>
<!DOCTYPE html PUBLIC "-//W3C//DTD XHTML 1.0 Transitional//EN"
    "http://www.w3.org/TR/xhtml1/DTD/xhtml1-transitional.dtd">
<html xmlns="http://www.w3.org/1999/xhtml" xml:lang="en" lang="en">
 <head>
  <title>
</title>
<meta http-equiv="Content-Type" content="text/html;charset=utf-8" />
  <meta name='ocr-system' content='tesseract 3.04.00' />
  <meta name='ocr-capabilities' content='ocr_page ocr_carea ocr_par ocr_line ocrx_word'/>
</head>
<body>
  <div class='ocr_page' id='page_1' title='image "aeneidbookii150500virg_0031.png"; bbox 0 0 1670 2688; ppageno 0'>
   <div class='ocr_carea' id='block_1_1' title="bbox 1329 264 1376 302">
    <p class='ocr_par' dir='ltr' id='par_1_1' title="bbox 1329 264 1376 302">
     <span class='ocr_line' id='line_1_1' title="bbox 1329 265 1349 301; textangle 90"><span class='ocrx_word' id='word_1_1' title='bbox 1329 265 1349 301; x_wconf 67' lang='grc' dir='ltr'>[Ο</span> 
     </span>
     <span class='ocr_line' id='line_1_2' title="bbox 1356 264 1376 302; textangle 90"><span class='ocrx_word' id='word_1_2' title='bbox 1356 264 1376 302; x_wconf 51' lang='lat'>*1</span> 
     </span>
    </p>
   </div>
   <div class='ocr_carea' id='block_1_2' title="bbox 558 275 939 301">
    <p class='ocr_par' dir='ltr' id='par_1_2' title="bbox 558 275 939 301">
     <span class='ocr_line' id='line_1_3' title="bbox 558 275 939 301; baseline 0.005 -2"><span class='ocrx_word' id='word_1_3' title='bbox 558 275 758 300; x_wconf 83' lang='lat' dir='ltr'>AENEIDOS</span> <span class='ocrx_word' id='word_1_4' title='bbox 789 275 864 301; x_wconf 89' lang='lat' dir='ltr'><strong>LIB.</strong></span> <span class='ocrx_word' id='word_1_5' title='bbox 899 276 939 301; x_wconf 89' lang='lat'>11.</span> 
     </span>
    </p>
   </div>
   <div class='ocr_carea' id='block_1_3' title="bbox 119 366 1388 1872">
    <p class='ocr_par' dir='ltr' id='par_1_3' title="bbox 119 366 1387 1383">
     <span class='ocr_line' id='line_1_4' title="bbox 120 366 1113 412; baseline 0 -9"><span class='ocrx_word' id='word_1_6' title='bbox 120 367 262 404; x_wconf 88' lang='lat' dir='ltr'>Omina</span> <span class='ocrx_word' id='word_1_7' title='bbox 278 368 320 403; x_wconf 89' lang='lat' dir='ltr'>ni</span> <span class='ocrx_word' id='word_1_8' title='bbox 335 370 513 411; x_wconf 72' lang='lat' dir='ltr'>repetant:</span> <span class='ocrx_word' id='word_1_9' title='bbox 529 367 660 411; x_wconf 86' lang='lat' dir='ltr'>Argis,</span> <span class='ocrx_word' id='word_1_10' title='bbox 683 378 898 411; x_wconf 76' lang='lat' dir='ltr'>numenque</span> <span class='ocrx_word' id='word_1_11' title='bbox 914 366 1113 412; x_wconf 83' lang='lat' dir='ltr'>reducant,</span> 
     </span>
     <span class='ocr_line' id='line_1_5' title="bbox 121 428 1086 472; baseline -0.001 -9"><span class='ocrx_word' id='word_1_12' title='bbox 121 428 232 471; x_wconf 84' lang='lat' dir='ltr'>Quod</span> <span class='ocrx_word' id='word_1_13' title='bbox 249 428 384 472; x_wconf 82' lang='lat' dir='ltr'>pelago</span> <span class='ocrx_word' id='word_1_14' title='bbox 400 432 439 463; x_wconf 89' lang='lat' dir='ltr'>et</span> <span class='ocrx_word' id='word_1_15' title='bbox 457 429 588 463; x_wconf 86' lang='lat' dir='ltr'>curvis</span> <span class='ocrx_word' id='word_1_16' title='bbox 606 439 736 463; x_wconf 88' lang='lat' dir='ltr'>secum</span> <span class='ocrx_word' id='word_1_17' title='bbox 753 440 914 463; x_wconf 83' lang='lat' dir='ltr'>avexere</span> <span class='ocrx_word' id='word_1_18' title='bbox 931 430 1086 463; x_wconf 86' lang='lat' dir='ltr'>carinis.</span> 
     </span>
     <span class='ocr_line' id='line_1_6' title="bbox 120 487 1383 533; baseline -0.001 -10"><span class='ocrx_word' id='word_1_19' title='bbox 120 488 173 524; x_wconf 86' lang='lat' dir='ltr'>Et</span> <span class='ocrx_word' id='word_1_20' title='bbox 190 500 302 533; x_wconf 85' lang='lat' dir='ltr'>nunc,</span> <span class='ocrx_word' id='word_1_21' title='bbox 326 487 427 532; x_wconf 85' lang='lat' dir='ltr'>quod</span> <span class='ocrx_word' id='word_1_22' title='bbox 444 490 594 533; x_wconf 84' lang='lat' dir='ltr'>patrias</span> <span class='ocrx_word' id='word_1_23' title='bbox 611 492 729 524; x_wconf 83' lang='lat' dir='ltr'>vento</span> <span class='ocrx_word' id='word_1_24' title='bbox 745 490 886 533; x_wconf 87' lang='lat' dir='ltr'>petiere</span> <span class='ocrx_word' id='word_1_25' title='bbox 902 488 1099 532; x_wconf 80' lang='lat' dir='ltr'>Mycenas,</span> <span class='ocrx_word' id='word_1_26' title='bbox 1311 487 1383 523; x_wconf 85' lang='lat'>180</span> 
     </span>
     <span class='ocr_line' id='line_1_7' title="bbox 121 547 1196 593; baseline 0 -9"><span class='ocrx_word' id='word_1_27' title='bbox 121 549 242 585; x_wconf 89' lang='lat' dir='ltr'>Arma</span> <span class='ocrx_word' id='word_1_28' title='bbox 259 549 430 593; x_wconf 85' lang='lat' dir='ltr'>Deosque</span> <span class='ocrx_word' id='word_1_29' title='bbox 446 552 588 593; x_wconf 86' lang='lat' dir='ltr'>parant</span> <span class='ocrx_word' id='word_1_30' title='bbox 605 550 774 593; x_wconf 87' lang='lat' dir='ltr'>comites,</span> <span class='ocrx_word' id='word_1_31' title='bbox 797 547 1007 593; x_wconf 83' lang='lat' dir='ltr'>pelagoque</span> <span class='ocrx_word' id='word_1_32' title='bbox 1023 559 1196 584; x_wconf 85' lang='lat' dir='ltr'>remenso</span> 
     </span>
     <span class='ocr_line' id='line_1_8' title="bbox 121 603 1122 653; baseline 0.001 -10"><span class='ocrx_word' id='word_1_33' title='bbox 121 608 327 652; x_wconf 85' lang='lat' dir='ltr'>Improvisi</span> <span class='ocrx_word' id='word_1_34' title='bbox 346 603 510 644; x_wconf 78' lang='lat' dir='ltr'>aderunt</span> <span class='ocrx_word' id='word_1_35' title='bbox 524 621 532 645; x_wconf 93' lang='lat'><strong>:</strong></span> <span class='ocrx_word' id='word_1_36' title='bbox 561 610 619 644; x_wconf 83' lang='lat' dir='ltr'>ita</span> <span class='ocrx_word' id='word_1_37' title='bbox 636 607 778 653; x_wconf 84' lang='lat' dir='ltr'>digerit</span> <span class='ocrx_word' id='word_1_38' title='bbox 795 609 927 644; x_wconf 89' lang='lat' dir='ltr'>omina</span> <span class='ocrx_word' id='word_1_39' title='bbox 944 607 1122 644; x_wconf 86' lang='lat' dir='ltr'>Calchas.</span> 
     </span>
     <span class='ocr_line' id='line_1_9' title="bbox 121 668 1083 714; baseline 0 -10"><span class='ocrx_word' id='word_1_40' title='bbox 121 669 234 704; x_wconf 89' lang='lat' dir='ltr'>Hanc</span> <span class='ocrx_word' id='word_1_41' title='bbox 251 681 322 713; x_wconf 91' lang='lat' dir='ltr'>pro</span> <span class='ocrx_word' id='word_1_42' title='bbox 338 669 518 705; x_wconf 86' lang='lat' dir='ltr'>Palladio</span> <span class='ocrx_word' id='word_1_43' title='bbox 533 670 683 713; x_wconf 90' lang='lat' dir='ltr'>moniti,</span> <span class='ocrx_word' id='word_1_44' title='bbox 706 681 776 714; x_wconf 90' lang='lat' dir='ltr'>pro</span> <span class='ocrx_word' id='word_1_45' title='bbox 792 671 952 705; x_wconf 90' lang='lat' dir='ltr'>numine</span> <span class='ocrx_word' id='word_1_46' title='bbox 968 668 1083 714; x_wconf 88' lang='lat' dir='ltr'>laeso,</span> 
     </span>
     <span class='ocr_line' id='line_1_10' title="bbox 120 729 1023 775; baseline 0.002 -11"><span class='ocrx_word' id='word_1_47' title='bbox 120 729 298 774; x_wconf 86' lang='lat' dir='ltr'>Effigiem</span> <span class='ocrx_word' id='word_1_48' title='bbox 315 735 497 775; x_wconf 87' lang='lat' dir='ltr'>statuere,</span> <span class='ocrx_word' id='word_1_49' title='bbox 517 731 629 766; x_wconf 83' lang='lat' dir='ltr'>nefas</span> <span class='ocrx_word' id='word_1_50' title='bbox 645 742 743 775; x_wconf 88' lang='lat' dir='ltr'>quae</span> <span class='ocrx_word' id='word_1_51' title='bbox 759 732 874 766; x_wconf 81' lang='lat' dir='ltr'>triste</span> <span class='ocrx_word' id='word_1_52' title='bbox 889 731 1023 775; x_wconf 81' lang='lat' dir='ltr'>piaret.</span> 
     </span>
     <span class='ocr_line' id='line_1_11' title="bbox 119 789 1387 827; baseline 0.001 -2"><span class='ocrx_word' id='word_1_53' title='bbox 119 790 234 826; x_wconf 87' lang='lat' dir='ltr'>Hanc</span> <span class='ocrx_word' id='word_1_54' title='bbox 250 797 382 827; x_wconf 88' lang='lat' dir='ltr'>tamen</span> <span class='ocrx_word' id='word_1_55' title='bbox 398 793 627 827; x_wconf 84' lang='lat' dir='ltr'>immensam</span> <span class='ocrx_word' id='word_1_56' title='bbox 644 791 812 827; x_wconf 89' lang='lat' dir='ltr'>Calchas</span> <span class='ocrx_word' id='word_1_57' title='bbox 830 791 1006 827; x_wconf 72' lang='lat' dir='ltr'>attollere</span> <span class='ocrx_word' id='word_1_58' title='bbox 1021 791 1161 826; x_wconf 88' lang='lat' dir='ltr'>molem</span> <span class='ocrx_word' id='word_1_59' title='bbox 1312 789 1387 827; x_wconf 82' lang='lat'>185</span> 
     </span>
     <span class='ocr_line' id='line_1_12' title="bbox 119 851 1001 898; baseline 0.002 -12"><span class='ocrx_word' id='word_1_60' title='bbox 119 851 339 888; x_wconf 83' lang='lat' dir='ltr'>Roboribus</span> <span class='ocrx_word' id='word_1_61' title='bbox 355 854 484 897; x_wconf 80' lang='lat' dir='ltr'>textis,</span> <span class='ocrx_word' id='word_1_62' title='bbox 507 852 685 897; x_wconf 88' lang='lat' dir='ltr'>caeloque</span> <span class='ocrx_word' id='word_1_63' title='bbox 700 851 859 888; x_wconf 77' lang='lat' dir='ltr'>educere</span> <span class='ocrx_word' id='word_1_64' title='bbox 875 852 1001 898; x_wconf 81' lang='lat' dir='ltr'>jussit,</span> 
     </span>
     <span class='ocr_line' id='line_1_13' title="bbox 120 912 1028 959; baseline 0.002 -11"><span class='ocrx_word' id='word_1_65' title='bbox 120 913 178 948; x_wconf 89' lang='lat' dir='ltr'>Ne</span> <span class='ocrx_word' id='word_1_66' title='bbox 193 915 311 958; x_wconf 84' lang='lat' dir='ltr'>recipi</span> <span class='ocrx_word' id='word_1_67' title='bbox 327 915 450 958; x_wconf 89' lang='lat' dir='ltr'>portis</span> <span class='ocrx_word' id='word_1_68' title='bbox 467 917 537 949; x_wconf 82' lang='lat' dir='ltr'>aut</span> <span class='ocrx_word' id='word_1_69' title='bbox 554 912 644 948; x_wconf 88' lang='lat' dir='ltr'>duci</span> <span class='ocrx_word' id='word_1_70' title='bbox 661 915 703 949; x_wconf 91' lang='lat' dir='ltr'>in</span> <span class='ocrx_word' id='word_1_71' title='bbox 719 915 871 949; x_wconf 89' lang='lat' dir='ltr'>moenia</span> <span class='ocrx_word' id='word_1_72' title='bbox 889 918 1028 959; x_wconf 84' lang='lat' dir='ltr'>posset,</span> 
     </span>
     <span class='ocr_line' id='line_1_14' title="bbox 121 973 1001 1019; baseline 0.005 -12"><span class='ocrx_word' id='word_1_73' title='bbox 121 973 203 1008; x_wconf 91' lang='lat' dir='ltr'>Neu</span> <span class='ocrx_word' id='word_1_74' title='bbox 221 973 405 1018; x_wconf 86' lang='lat' dir='ltr'>populum</span> <span class='ocrx_word' id='word_1_75' title='bbox 422 975 584 1019; x_wconf 84' lang='lat' dir='ltr'>antiqua</span> <span class='ocrx_word' id='word_1_76' title='bbox 602 973 674 1010; x_wconf 92' lang='lat' dir='ltr'>sub</span> <span class='ocrx_word' id='word_1_77' title='bbox 690 974 875 1018; x_wconf 85' lang='lat' dir='ltr'>religione</span> <span class='ocrx_word' id='word_1_78' title='bbox 891 976 1001 1011; x_wconf 84' lang='lat' dir='ltr'>tueri.</span> 
     </span>
     <span class='ocr_line' id='line_1_15' title="bbox 121 1033 1125 1080; baseline 0.002 -12"><span class='ocrx_word' id='word_1_79' title='bbox 121 1033 223 1068; x_wconf 88' lang='lat' dir='ltr'>Nam</span> <span class='ocrx_word' id='word_1_80' title='bbox 240 1035 274 1069; x_wconf 90' lang='lat' dir='ltr'>si</span> <span class='ocrx_word' id='word_1_81' title='bbox 292 1042 422 1069; x_wconf 86' lang='lat' dir='ltr'>vestra</span> <span class='ocrx_word' id='word_1_82' title='bbox 439 1047 579 1070; x_wconf 86' lang='lat' dir='ltr'>manus</span> <span class='ocrx_word' id='word_1_83' title='bbox 596 1034 781 1070; x_wconf 87' lang='lat' dir='ltr'>violasset</span> <span class='ocrx_word' id='word_1_84' title='bbox 800 1034 900 1070; x_wconf 86' lang='lat' dir='ltr'>dona</span> <span class='ocrx_word' id='word_1_85' title='bbox 918 1035 1125 1080; x_wconf 85' lang='lat' dir='ltr'>Minervae,</span> 
     </span>
     <span class='ocr_line' id='line_1_16' title="bbox 120 1094 1386 1139; baseline 0.001 -11"><span class='ocrx_word' id='word_1_86' title='bbox 120 1094 218 1129; x_wconf 81' lang='lat' dir='ltr'>Tum</span> <span class='ocrx_word' id='word_1_87' title='bbox 235 1107 423 1138; x_wconf 88' lang='lat' dir='ltr'>magnum</span> <span class='ocrx_word' id='word_1_88' title='bbox 438 1094 753 1139; x_wconf 87' lang='lat' dir='ltr'>exitium—quod</span> <span class='ocrx_word' id='word_1_89' title='bbox 771 1096 820 1130; x_wconf 89' lang='lat' dir='ltr'>Di</span> <span class='ocrx_word' id='word_1_90' title='bbox 837 1097 945 1139; x_wconf 84' lang='lat' dir='ltr'>prius</span> <span class='ocrx_word' id='word_1_91' title='bbox 963 1107 1073 1130; x_wconf 91' lang='lat' dir='ltr'>omen</span> <span class='ocrx_word' id='word_1_92' title='bbox 1092 1098 1132 1130; x_wconf 92' lang='lat' dir='ltr'>in</span> <span class='ocrx_word' id='word_1_93' title='bbox 1150 1098 1276 1139; x_wconf 89' lang='lat' dir='ltr'>ipsum</span> <span class='ocrx_word' id='word_1_94' title='bbox 1314 1095 1386 1129; x_wconf 88' lang='grc'>190</span> 
     </span>
     <span class='ocr_line' id='line_1_17' title="bbox 121 1154 1289 1200; baseline 0.001 -11"><span class='ocrx_word' id='word_1_95' title='bbox 121 1154 359 1190; x_wconf 86' lang='lat' dir='ltr'>Convertant</span> <span class='ocrx_word' id='word_1_96' title='bbox 374 1155 585 1191; x_wconf 87' lang='lat' dir='ltr'>!—Priami</span> <span class='ocrx_word' id='word_1_97' title='bbox 601 1157 761 1200; x_wconf 90' lang='lat' dir='ltr'>imperio</span> <span class='ocrx_word' id='word_1_98' title='bbox 778 1156 1075 1200; x_wconf 86' lang='lat' dir='ltr'>Phrygibusque</span> <span class='ocrx_word' id='word_1_99' title='bbox 1092 1156 1268 1190; x_wconf 82' lang='lat' dir='ltr'>futurum</span> <span class='ocrx_word' id='word_1_100' title='bbox 1282 1167 1289 1190; x_wconf 93' lang='lat'>:</span> 
     </span>
     <span class='ocr_line' id='line_1_18' title="bbox 121 1215 1212 1261; baseline -0.001 -10"><span class='ocrx_word' id='word_1_101' title='bbox 121 1215 189 1251; x_wconf 89' lang='lat' dir='ltr'>Sin</span> <span class='ocrx_word' id='word_1_102' title='bbox 206 1215 387 1252; x_wconf 90' lang='lat' dir='ltr'>manibus</span> <span class='ocrx_word' id='word_1_103' title='bbox 404 1218 546 1252; x_wconf 81' lang='lat' dir='ltr'>vestris</span> <span class='ocrx_word' id='word_1_104' title='bbox 563 1220 737 1252; x_wconf 88' lang='lat' dir='ltr'>vestram</span> <span class='ocrx_word' id='word_1_105' title='bbox 755 1216 991 1252; x_wconf 84' lang='lat' dir='ltr'>ascendisset</span> <span class='ocrx_word' id='word_1_106' title='bbox 1009 1218 1051 1251; x_wconf 93' lang='lat' dir='ltr'>in</span> <span class='ocrx_word' id='word_1_107' title='bbox 1068 1216 1212 1261; x_wconf 79' lang='lat' dir='ltr'>urbem,</span> 
     </span>
     <span class='ocr_line' id='line_1_19' title="bbox 120 1277 1088 1322; baseline 0 -9"><span class='ocrx_word' id='word_1_108' title='bbox 120 1277 237 1313; x_wconf 88' lang='lat' dir='ltr'>Ultro</span> <span class='ocrx_word' id='word_1_109' title='bbox 253 1278 391 1313; x_wconf 87' lang='lat' dir='ltr'>Asiam</span> <span class='ocrx_word' id='word_1_110' title='bbox 408 1289 552 1322; x_wconf 85' lang='lat' dir='ltr'>magno</span> <span class='ocrx_word' id='word_1_111' title='bbox 569 1277 733 1322; x_wconf 87' lang='lat' dir='ltr'>Pelopea</span> <span class='ocrx_word' id='word_1_112' title='bbox 751 1277 802 1313; x_wconf 92' lang='lat' dir='ltr'>ad</span> <span class='ocrx_word' id='word_1_113' title='bbox 820 1280 972 1314; x_wconf 88' lang='lat' dir='ltr'>moenia</span> <span class='ocrx_word' id='word_1_114' title='bbox 989 1277 1088 1313; x_wconf 89' lang='lat' dir='ltr'>bello</span> 
     </span>
     <span class='ocr_line' id='line_1_20' title="bbox 121 1336 1117 1383; baseline 0.001 -11"><span class='ocrx_word' id='word_1_115' title='bbox 121 1336 344 1383; x_wconf 81' lang='lat' dir='ltr'>Venturam,</span> <span class='ocrx_word' id='word_1_116' title='bbox 367 1341 406 1373; x_wconf 86' lang='lat' dir='ltr'>et</span> <span class='ocrx_word' id='word_1_117' title='bbox 423 1341 579 1374; x_wconf 87' lang='lat' dir='ltr'>nostros</span> <span class='ocrx_word' id='word_1_118' title='bbox 595 1349 642 1374; x_wconf 89' lang='lat' dir='ltr'>ea</span> <span class='ocrx_word' id='word_1_119' title='bbox 659 1338 745 1373; x_wconf 86' lang='lat' dir='ltr'>fata</span> <span class='ocrx_word' id='word_1_120' title='bbox 762 1350 918 1374; x_wconf 86' lang='lat' dir='ltr'>manere</span> <span class='ocrx_word' id='word_1_121' title='bbox 933 1339 1117 1382; x_wconf 88' lang='lat' dir='ltr'>nepotes.&#39;</span> 
     </span>
    </p>

    <p class='ocr_par' dir='ltr' id='par_1_4' title="bbox 120 1397 1388 1627">
     <span class='ocr_line' id='line_1_21' title="bbox 168 1397 1388 1444; baseline 0.001 -12"><span class='ocrx_word' id='word_1_122' title='bbox 168 1397 328 1434; x_wconf 78' lang='lat' dir='ltr'>Talibus</span> <span class='ocrx_word' id='word_1_123' title='bbox 345 1397 500 1435; x_wconf 83' lang='lat' dir='ltr'>insidiis</span> <span class='ocrx_word' id='word_1_124' title='bbox 516 1398 735 1444; x_wconf 85' lang='lat' dir='ltr'>perjurique</span> <span class='ocrx_word' id='word_1_125' title='bbox 752 1403 837 1434; x_wconf 88' lang='lat' dir='ltr'>arte</span> <span class='ocrx_word' id='word_1_126' title='bbox 854 1399 1010 1435; x_wconf 88' lang='lat' dir='ltr'>Sinonis</span> <span class='ocrx_word' id='word_1_127' title='bbox 1314 1397 1388 1434; x_wconf 87' lang='lat'>195</span> 
     </span>
     <span class='ocr_line' id='line_1_22' title="bbox 122 1458 1140 1506; baseline 0 -12"><span class='ocrx_word' id='word_1_128' title='bbox 122 1458 278 1494; x_wconf 87' lang='lat' dir='ltr'>Credita</span> <span class='ocrx_word' id='word_1_129' title='bbox 295 1471 356 1494; x_wconf 91' lang='lat' dir='ltr'>res</span> <span class='ocrx_word' id='word_1_130' title='bbox 370 1471 379 1506; x_wconf 82' lang='lat'><em>3</em></span> <span class='ocrx_word' id='word_1_131' title='bbox 408 1460 587 1504; x_wconf 87' lang='lat' dir='ltr'>captique</span> <span class='ocrx_word' id='word_1_132' title='bbox 602 1458 703 1496; x_wconf 89' lang='lat' dir='ltr'>dolis</span> <span class='ocrx_word' id='word_1_133' title='bbox 720 1459 967 1504; x_wconf 87' lang='lat' dir='ltr'>lacrimisque</span> <span class='ocrx_word' id='word_1_134' title='bbox 983 1462 1140 1504; x_wconf 85' lang='lat' dir='ltr'>coactis,</span> 
     </span>
     <span class='ocr_line' id='line_1_23' title="bbox 121 1519 1097 1567; baseline 0.002 -13"><span class='ocrx_word' id='word_1_135' title='bbox 121 1519 227 1563; x_wconf 83' lang='lat' dir='ltr'>Quos</span> <span class='ocrx_word' id='word_1_136' title='bbox 244 1532 364 1565; x_wconf 88' lang='lat' dir='ltr'>neque</span> <span class='ocrx_word' id='word_1_137' title='bbox 379 1519 559 1567; x_wconf 82' lang='lat' dir='ltr'>Tydides,</span> <span class='ocrx_word' id='word_1_138' title='bbox 582 1532 652 1556; x_wconf 91' lang='lat' dir='ltr'>nec</span> <span class='ocrx_word' id='word_1_139' title='bbox 669 1521 898 1557; x_wconf 86' lang='lat' dir='ltr'>Larissaeus</span> <span class='ocrx_word' id='word_1_140' title='bbox 915 1520 1097 1564; x_wconf 87' lang='lat' dir='ltr'>Achilles,</span> 
     </span>
     <span class='ocr_line' id='line_1_24' title="bbox 120 1580 1081 1627; baseline 0 -11"><span class='ocrx_word' id='word_1_141' title='bbox 120 1581 209 1616; x_wconf 86' lang='lat' dir='ltr'>Non</span> <span class='ocrx_word' id='word_1_142' title='bbox 227 1583 321 1616; x_wconf 90' lang='lat' dir='ltr'>anni</span> <span class='ocrx_word' id='word_1_143' title='bbox 338 1580 518 1617; x_wconf 89' lang='lat' dir='ltr'>domuere</span> <span class='ocrx_word' id='word_1_144' title='bbox 534 1580 673 1627; x_wconf 87' lang='lat' dir='ltr'>decem,</span> <span class='ocrx_word' id='word_1_145' title='bbox 696 1593 776 1617; x_wconf 89' lang='lat' dir='ltr'>non</span> <span class='ocrx_word' id='word_1_146' title='bbox 793 1582 899 1617; x_wconf 88' lang='lat' dir='ltr'>mille</span> <span class='ocrx_word' id='word_1_147' title='bbox 917 1583 1081 1617; x_wconf 88' lang='lat' dir='ltr'>carinae.</span> 
     </span>
    </p>

    <p class='ocr_par' dir='ltr' id='par_1_5' title="bbox 120 1640 1387 1872">
     <span class='ocr_line' id='line_1_25' title="bbox 170 1640 1159 1688; baseline 0.001 -12"><span class='ocrx_word' id='word_1_148' title='bbox 170 1641 247 1677; x_wconf 85' lang='lat' dir='ltr'>Hic</span> <span class='ocrx_word' id='word_1_149' title='bbox 265 1641 372 1678; x_wconf 90' lang='lat' dir='ltr'>aliud</span> <span class='ocrx_word' id='word_1_150' title='bbox 388 1642 518 1687; x_wconf 86' lang='lat' dir='ltr'>majus</span> <span class='ocrx_word' id='word_1_151' title='bbox 534 1645 687 1679; x_wconf 86' lang='lat' dir='ltr'>miseris</span> <span class='ocrx_word' id='word_1_152' title='bbox 704 1640 901 1688; x_wconf 82' lang='lat' dir='ltr'>multoque</span> <span class='ocrx_word' id='word_1_153' title='bbox 917 1642 1159 1678; x_wconf 87' lang='lat' dir='ltr'>tremendum</span> 
     </span>
     <span class='ocr_line' id='line_1_26' title="bbox 122 1703 1387 1750; baseline -0.002 -10"><span class='ocrx_word' id='word_1_154' title='bbox 122 1703 313 1748; x_wconf 84' lang='lat' dir='ltr'>Objicitur</span> <span class='ocrx_word' id='word_1_155' title='bbox 329 1706 467 1750; x_wconf 88' lang='lat' dir='ltr'>magis,</span> <span class='ocrx_word' id='word_1_156' title='bbox 491 1708 607 1750; x_wconf 90' lang='lat' dir='ltr'>atque</span> <span class='ocrx_word' id='word_1_157' title='bbox 622 1704 841 1750; x_wconf 87' lang='lat' dir='ltr'>improvida</span> <span class='ocrx_word' id='word_1_158' title='bbox 858 1709 1013 1749; x_wconf 86' lang='lat' dir='ltr'>pectora</span> <span class='ocrx_word' id='word_1_159' title='bbox 1030 1703 1175 1739; x_wconf 88' lang='lat' dir='ltr'>turbat.</span> <span class='ocrx_word' id='word_1_160' title='bbox 1314 1703 1387 1738; x_wconf 82' lang='lat'>200</span> 
     </span>
     <span class='ocr_line' id='line_1_27' title="bbox 120 1764 999 1811; baseline 0.001 -11"><span class='ocrx_word' id='word_1_161' title='bbox 120 1764 311 1810; x_wconf 87' lang='lat' dir='ltr'>Laocoon,</span> <span class='ocrx_word' id='word_1_162' title='bbox 335 1764 477 1802; x_wconf 88' lang='lat' dir='ltr'>ductus</span> <span class='ocrx_word' id='word_1_163' title='bbox 492 1766 673 1811; x_wconf 87' lang='lat' dir='ltr'>Neptuno</span> <span class='ocrx_word' id='word_1_164' title='bbox 690 1770 794 1802; x_wconf 82' lang='lat' dir='ltr'>sorte</span> <span class='ocrx_word' id='word_1_165' title='bbox 810 1764 999 1810; x_wconf 84' lang='lat' dir='ltr'>sacerdos,</span> 
     </span>
     <span class='ocr_line' id='line_1_28' title="bbox 122 1825 1125 1872; baseline 0 -11"><span class='ocrx_word' id='word_1_166' title='bbox 122 1825 333 1862; x_wconf 86' lang='lat' dir='ltr'>Sollemnes</span> <span class='ocrx_word' id='word_1_167' title='bbox 348 1830 509 1863; x_wconf 85' lang='lat' dir='ltr'>taurum</span> <span class='ocrx_word' id='word_1_168' title='bbox 523 1827 722 1872; x_wconf 85' lang='lat' dir='ltr'>ingentem</span> <span class='ocrx_word' id='word_1_169' title='bbox 738 1826 939 1863; x_wconf 88' lang='lat' dir='ltr'>mactabat</span> <span class='ocrx_word' id='word_1_170' title='bbox 956 1825 1007 1862; x_wconf 84' lang='lat' dir='ltr'>ad</span> <span class='ocrx_word' id='word_1_171' title='bbox 1025 1838 1125 1862; x_wconf 88' lang='lat' dir='ltr'>aras.</span> 
     </span>
    </p>
   </div>
   <div class='ocr_carea' id='block_1_4' title="bbox 120 1886 1151 1993">
    <p class='ocr_par' dir='ltr' id='par_1_6' title="bbox 120 1886 1151 1993">
     <span class='ocr_line' id='line_1_29' title="bbox 122 1886 1151 1931; baseline 0 -11"><span class='ocrx_word' id='word_1_172' title='bbox 122 1886 222 1921; x_wconf 86' lang='lat' dir='ltr'>Ecce</span> <span class='ocrx_word' id='word_1_173' title='bbox 237 1889 370 1922; x_wconf 89' lang='lat' dir='ltr'>autem</span> <span class='ocrx_word' id='word_1_174' title='bbox 386 1888 532 1931; x_wconf 84' lang='lat' dir='ltr'>gemini</span> <span class='ocrx_word' id='word_1_175' title='bbox 548 1899 573 1923; x_wconf 92' lang='lat' dir='ltr'>a</span> <span class='ocrx_word' id='word_1_176' title='bbox 587 1886 740 1922; x_wconf 77' lang='lat' dir='ltr'>Tenedo</span> <span class='ocrx_word' id='word_1_177' title='bbox 755 1886 969 1931; x_wconf 83' lang='lat' dir='ltr'>tranquilla</span> <span class='ocrx_word' id='word_1_178' title='bbox 986 1898 1052 1931; x_wconf 87' lang='lat' dir='ltr'>per</span> <span class='ocrx_word' id='word_1_179' title='bbox 1070 1886 1151 1921; x_wconf 90' lang='lat' dir='ltr'>alta</span> 
     </span>
     <span class='ocr_line' id='line_1_30' title="bbox 120 1942 1086 1993; baseline 0.002 -15"><span class='ocrx_word' id='word_1_180' title='bbox 120 1942 331 1993; x_wconf 88' lang='lat' dir='ltr'>(Horresco</span> <span class='ocrx_word' id='word_1_181' title='bbox 345 1945 529 1993; x_wconf 83' lang='lat' dir='ltr'>referens)</span> <span class='ocrx_word' id='word_1_182' title='bbox 547 1946 749 1980; x_wconf 88' lang='lat' dir='ltr'>immensis</span> <span class='ocrx_word' id='word_1_183' title='bbox 765 1944 922 1980; x_wconf 90' lang='lat' dir='ltr'>orbibus</span> <span class='ocrx_word' id='word_1_184' title='bbox 940 1956 1086 1988; x_wconf 79' lang='lat' dir='ltr'>angues</span> 
     </span>
    </p>
   </div>
   <div class='ocr_carea' id='block_1_5' title="bbox 121 2003 1387 2292">
    <p class='ocr_par' dir='ltr' id='par_1_7' title="bbox 121 2003 1387 2173">
     <span class='ocr_line' id='line_1_31' title="bbox 121 2003 1387 2051; baseline 0 -12"><span class='ocrx_word' id='word_1_185' title='bbox 121 2004 358 2041; x_wconf 86' lang='lat' dir='ltr'>Incumbunt</span> <span class='ocrx_word' id='word_1_186' title='bbox 373 2005 521 2051; x_wconf 82' lang='lat' dir='ltr'>pelago,</span> <span class='ocrx_word' id='word_1_187' title='bbox 543 2008 762 2051; x_wconf 86' lang='lat' dir='ltr'>pariterque</span> <span class='ocrx_word' id='word_1_188' title='bbox 778 2005 829 2041; x_wconf 92' lang='lat' dir='ltr'>ad</span> <span class='ocrx_word' id='word_1_189' title='bbox 846 2004 963 2040; x_wconf 86' lang='lat' dir='ltr'>litora</span> <span class='ocrx_word' id='word_1_190' title='bbox 979 2004 1145 2040; x_wconf 87' lang='lat' dir='ltr'>tendunt</span> <span class='ocrx_word' id='word_1_191' title='bbox 1159 2017 1167 2040; x_wconf 77' lang='lat' dir='ltr'>z</span> <span class='ocrx_word' id='word_1_192' title='bbox 1315 2003 1387 2039; x_wconf 81' lang='lat'>205</span> 
     </span>
     <span class='ocr_line' id='line_1_32' title="bbox 122 2064 1133 2111; baseline -0.001 -10"><span class='ocrx_word' id='word_1_193' title='bbox 122 2064 286 2102; x_wconf 79' lang='lat' dir='ltr'>Pectora</span> <span class='ocrx_word' id='word_1_194' title='bbox 301 2077 466 2111; x_wconf 90' lang='lat' dir='ltr'>quorum</span> <span class='ocrx_word' id='word_1_195' title='bbox 481 2067 584 2101; x_wconf 90' lang='lat' dir='ltr'>inter</span> <span class='ocrx_word' id='word_1_196' title='bbox 599 2065 744 2102; x_wconf 89' lang='lat' dir='ltr'>fluctus</span> <span class='ocrx_word' id='word_1_197' title='bbox 762 2070 926 2110; x_wconf 87' lang='lat' dir='ltr'>arrecta,</span> <span class='ocrx_word' id='word_1_198' title='bbox 947 2065 1133 2110; x_wconf 83' lang='lat' dir='ltr'>jubaeque</span> 
     </span>
     <span class='ocr_line' id='line_1_33' title="bbox 123 2126 1177 2173; baseline 0 -12"><span class='ocrx_word' id='word_1_199' title='bbox 123 2126 365 2171; x_wconf 85' lang='lat' dir='ltr'>Sanguineae</span> <span class='ocrx_word' id='word_1_200' title='bbox 381 2131 567 2171; x_wconf 85' lang='lat' dir='ltr'>superant</span> <span class='ocrx_word' id='word_1_201' title='bbox 583 2126 710 2162; x_wconf 88' lang='lat' dir='ltr'>undas</span> <span class='ocrx_word' id='word_1_202' title='bbox 725 2139 734 2173; x_wconf 89' lang='lat'>;</span> <span class='ocrx_word' id='word_1_203' title='bbox 762 2139 854 2171; x_wconf 85' lang='lat' dir='ltr'>pars</span> <span class='ocrx_word' id='word_1_204' title='bbox 871 2130 997 2162; x_wconf 86' lang='lat' dir='ltr'>cetera</span> <span class='ocrx_word' id='word_1_205' title='bbox 1014 2132 1177 2171; x_wconf 89' lang='lat' dir='ltr'>pontum</span> 
     </span>
    </p>

    <p class='ocr_par' dir='ltr' id='par_1_8' title="bbox 122 2186 1133 2233">
     <span class='ocr_line' id='line_1_34' title="bbox 122 2186 1133 2233; baseline 0.002 -11"><span class='ocrx_word' id='word_1_206' title='bbox 122 2187 230 2223; x_wconf 80' lang='lat' dir='ltr'>Pone</span> <span class='ocrx_word' id='word_1_207' title='bbox 244 2186 349 2233; x_wconf 85' lang='lat' dir='ltr'>legit,</span> <span class='ocrx_word' id='word_1_208' title='bbox 372 2189 578 2232; x_wconf 86' lang='lat' dir='ltr'>sinuatque</span> <span class='ocrx_word' id='word_1_209' title='bbox 594 2190 784 2223; x_wconf 89' lang='lat' dir='ltr'>immensa</span> <span class='ocrx_word' id='word_1_210' title='bbox 801 2187 997 2223; x_wconf 85' lang='lat' dir='ltr'>volumine</span> <span class='ocrx_word' id='word_1_211' title='bbox 1013 2192 1133 2231; x_wconf 84' lang='lat' dir='ltr'>terga.</span> 
     </span>
    </p>

    <p class='ocr_par' dir='ltr' id='par_1_9' title="bbox 121 2246 1241 2292">
     <span class='ocr_line' id='line_1_35' title="bbox 121 2246 1241 2292; baseline 0 -10"><span class='ocrx_word' id='word_1_212' title='bbox 121 2247 189 2283; x_wconf 85' lang='lat' dir='ltr'>Fit</span> <span class='ocrx_word' id='word_1_213' title='bbox 205 2249 360 2284; x_wconf 88' lang='lat' dir='ltr'>sonitus</span> <span class='ocrx_word' id='word_1_214' title='bbox 377 2252 583 2291; x_wconf 86' lang='lat' dir='ltr'>spumante</span> <span class='ocrx_word' id='word_1_215' title='bbox 600 2248 694 2284; x_wconf 85' lang='lat' dir='ltr'>salo.</span> <span class='ocrx_word' id='word_1_216' title='bbox 751 2246 918 2292; x_wconf 84' lang='lat' dir='ltr'>Jamque</span> <span class='ocrx_word' id='word_1_217' title='bbox 934 2259 1031 2283; x_wconf 89' lang='lat' dir='ltr'>arva</span> <span class='ocrx_word' id='word_1_218' title='bbox 1048 2247 1241 2291; x_wconf 84' lang='lat' dir='ltr'>tenebant,</span> 
     </span>
    </p>
   </div>
  </div>
 </body>
</html>
