1670 2688
260 278 311 313 30
633 287 965 313 MA'rmCULA'rioN
996 288 1127 314 LATIN.

250 356 325 394 Hei
342 358 451 404 mihi,
475 358 602 402 qualis
619 361 704 394 erat
719 357 728 393 !
755 360 948 402 quantum
964 360 1142 393 mutatus
1160 357 1210 392 ab
1227 357 1295 392 1110

251 418 426 462 Hectore,
450 421 515 463 qui
532 418 632 453 redit
648 420 812 454 exuvias
829 417 991 453 indutus
1008 418 1167 463 Achilli,
1445 416 1519 453 275

251 477 322 514 Vel
339 479 520 513 Danaum
537 479 735 522 Phrygios
752 478 949 522 jaculatus
966 477 1157 522 puppibus
1174 479 1284 522 ignes
1298 478 1307 513 !

252 539 497 584 Squalentem
514 538 687 584 barbam,
709 544 748 574 et
765 543 965 573 concretos
983 540 1174 582 sanguine
1190 541 1325 583 crines,

252 601 495 645 Vulneraque
512 601 580 636 illa
598 613 744 646 gerens,
768 613 866 645 quae
882 602 1031 635 circum
1047 600 1215 645 plurima
1233 612 1365 636 muros

252 664 410 708 Accepit
428 665 586 708 patrios.
645 662 762 698 Ultro
779 661 877 698 flens
894 663 977 707 ipse
992 661 1154 698 videbar

252 724 491 768 Compellare
507 726 648 769 virum,
671 728 710 758 et
729 733 900 759 maestas
917 735 1139 768 expromere
1155 735 1268 759 voces
1283 735 1291 758 ;
1447 722 1519 758 280

258 786 310 822 ‘O
329 786 398 821 lux
415 785 637 821 Dardaniae
652 784 660 820 ἔ
689 797 777 829 spes
795 796 817 819 o
835 784 1028 820 fidissima
1043 784 1234 820 Teucrum
1250 784 1257 819 !

252 846 360 891 Quae
375 851 512 883 tantae
527 850 684 882 tenuere
699 845 858 882 morae?
884 845 1025 891 quibus
1042 844 1189 881 Hector
1207 844 1257 880 ab
1275 847 1354 881 oris

252 908 486 953 Exspectate
503 908 642 944 venis?
669 912 714 943 ut
731 913 770 944 te
787 912 876 952 post
892 908 1018 945 multa
1034 914 1192 945 tuorum

254 969 417 1015 Funera,
440 974 529 1014 post
546 971 679 1005 varios
696 969 974 1015 hominumque
988 970 1171 1015 urbisque
1186 970 1348 1016 labores,

254 1031 403 1067 Defessi
420 1030 659 1075 aspicimus?
686 1043 784 1075 quae
801 1043 920 1067 causa
937 1031 1100 1075 indigna
1119 1044 1271 1067 serenos
1449 1032 1522 1068 285

253 1092 443 1127 Foedavit
460 1092 594 1127 vultus
609 1092 625 1127 P
653 1097 722 1127 aut
741 1104 810 1127 cur
828 1092 924 1128 haec
940 1093 1104 1129 vulnera
1122 1105 1235 1128 cerno
1247 1093 1263 1128 t>
1274 1094 1282 1110 ⁷

254 1154 325 1190 Ille
341 1154 442 1189 nihil
456 1166 464 1200 3
494 1166 563 1189 nec
580 1167 642 1189 me
658 1160 905 1199 quaerentem
921 1167 1027 1190 vana
1044 1164 1219 1190 moratur
1234 1167 1241 1201 3

255 1215 328 1251 Sed
345 1217 519 1259 graviter
535 1217 704 1259 gemitus
721 1218 800 1250 imo
818 1215 864 1251 de
880 1221 1032 1260 pectore
1049 1215 1191 1252 ducens
1205 1229 1213 1252 :

261 1275 368 1311 ‘Heu
386 1276 486 1320 fuge,
511 1280 604 1310 nate
620 1276 714 1320 Dea,
737 1282 846 1320 teque
863 1275 927 1312 his
951 1278 1028 1311 ‘ait
1040 1277 1048 1293 '
1066 1279 1168 1321 eripe
1185 1275 1366 1312 flammis.

253 1336 394 1373 Hostis
410 1336 529 1372 habet
546 1349 678 1372 muros
693 1349 702 1383 ;
730 1339 811 1372 ruit
829 1337 911 1372 alta
930 1350 953 1372 a
971 1337 1138 1373 culmine
1153 1338 1270 1381 Troja
1448 1339 1521 1374 290

255 1399 325 1435 Sat
341 1400 492 1443 patriae
508 1396 742 1442 Priamoque
758 1397 895 1433 datum
911 1410 918 1434 :
949 1400 983 1433 si
1000 1399 1192 1441 Pergama
1210 1398 1347 1434 dextra

255 1459 417 1495 Defendi
434 1464 602 1504 possent,
624 1461 745 1494 etiam
762 1458 838 1494 hac
856 1459 1015 1495 defensa
1033 1459 1211 1496 fuissent.

256 1521 374 1556 Sacra
393 1532 557 1565 suosque
573 1520 648 1555 tibi
665 1520 910 1556 commendat
927 1520 1045 1564 Troja
1063 1520 1229 1557 Penates
1243 1533 1252 1556 t

255 1580 340 1617 Hos
359 1593 452 1625 cape
469 1581 642 1616 fatorum
660 1583 819 1617 comites
834 1593 842 1627 3
871 1580 935 1616 his
952 1583 1104 1616 moenia
1121 1594 1268 1626 quaere,

256 1642 403 1686 Magna
419 1647 615 1686 pererrato
633 1647 782 1677 statues
800 1654 898 1686 quae
915 1641 1076 1686 denique
1093 1644 1241 1686 ponto.'
1449 1641 1522 1677 295

258 1704 320 1738 Sic
338 1705 404 1748 ait,
427 1707 466 1738 et
484 1702 666 1738 manibus
682 1705 807 1738 vittas
826 1702 1058 1747 Vestamque
1074 1710 1269 1747 potentem

257 1766 542 1809 Aeternumque
559 1763 691 1807 adytis
708 1764 817 1799 effert
834 1764 1096 1808 penetralibus
1114 1766 1253 1808 ignem.

307 1825 469 1860 Diverso
487 1826 634 1860 interea
650 1826 864 1860 miscentur
880 1827 1033 1860 moenia
1049 1824 1158 1859 luctu
1172 1837 1181 1871 ;

257 1886 310 1921 Et
328 1887 455 1929 magis
472 1890 587 1929 atque
603 1887 732 1928 magis
753 1885 1002 1930 (quamquam
1020 1890 1166 1920 secreta
1184 1887 1356 1929 parentis

263 1947 454 1982 Anchisae
471 1946 622 1991 domus,
644 1946 919 1990 arboribusque
937 1946 1089 1981 obtecta
1106 1946 1280 1993 recessit)
1447 1946 1536 1980 300>

259 2008 487 2044 Clarescunt
504 2010 667 2052 sonitus,
692 2019 963 2050 armorumque
979 2008 1126 2050 ingruit
1144 2006 1291 2041 horror.

258 2069 447 2104 Excutior
464 2080 611 2113 somno,
633 2072 672 2103 et
690 2069 833 2103 summi
850 2068 1013 2111 fastigia
1030 2068 1124 2102 tecti

258 2130 434 2165 Ascensu
450 2140 598 2172 supero,
622 2132 737 2172 atque
754 2130 914 2163 arrectis
931 2127 1090 2163 auribus
1106 2131 1202 2163 asto.

259 2190 307 2224 In
324 2194 491 2233 segetem
507 2189 629 2225 veluti
646 2200 735 2223 cum
751 2188 911 2223 flamma
930 2188 1147 2224 furentibus
1165 2190 1322 2225 Austris
1531 2225 1534 2228 Δ

259 2249 403 2286 Incidit
417 2262 426 2296 3
455 2257 525 2285 aut
541 2249 701 2294 rapidus
719 2255 905 2284 montano
922 2247 1082 2284 flumine
1097 2252 1249 2285 torrens
1447 2248 1535 2284 305⁷
