1670 2688
566 322 767 348 AENEIDOS
798 322 873 348 LIB.
909 324 949 349 11.

118 397 175 437 ‘Ut
191 398 377 444 caderem,
398 400 583 436 meruisse
599 412 729 437 mann.
786 400 1014 437 Divellimur
1031 401 1131 449 inde,

116 457 272 504 Iphitus
288 464 327 496 et
343 460 473 497 Pelias
489 473 649 507 mecum,
673 474 836 506 quorum
853 463 1008 507 Iphitus
1026 475 1122 499 aevo

117 519 145 557 J
146 534 211 556 am
227 523 394 567 gravior,
417 521 547 558 Pelias
562 526 602 558 et
618 523 776 559 vulnere
791 523 928 560 tardus
946 524 1066 569 Ulixi,

117 580 303 618 Protinus
320 581 371 617 ad
388 581 496 618 sedes
512 582 662 618 Priami
678 583 845 619 clamore
861 586 1002 621 vocati.

166 641 243 677 Hic
259 654 350 679 vero
368 644 564 687 ingentem
579 656 762 689 pugnam,
785 655 854 679 ceu
872 649 996 681 cetera
1014 658 1206 689 nusquam

116 702 225 739 Bella
243 704 379 749 forent,
402 704 503 740 nulli
518 708 604 740 tota
621 710 860 741 morerentur
878 707 920 741 in
937 706 1030 742 urbe

117 765 180 800 Sic
197 764 364 799 Martem
380 763 613 801 indomitum
629 765 859 810 Danaosque
875 766 926 801 ad
943 770 1046 802 tecta
1063 771 1218 802 ruentes

118 825 329 869 Cernimus,
353 824 624 870 obsessumque
641 830 731 861 acta
747 826 941 862 testudine
958 826 1086 863 limen.

116 885 289 921 Haerent
304 885 517 930 parietibus
533 885 671 932 scalae,
694 891 896 932 postesque
913 888 985 923 sub
1004 890 1106 932 ipsos

117 946 306 982 Nituntur
323 947 518 994 gradibus,
542 948 756 993 clipeosque
773 948 823 984 ad
841 949 919 984 tela
937 951 1109 985 sinistris

117 1009 288 1044 Protecti
304 1008 515 1056 objiciunt3
543 1014 729 1054 prensant
747 1010 909 1055 fastigia
928 1010 1086 1047 dextris.

117 1069 364 1105 Dardanidae
380 1075 516 1106 contra
533 1074 660 1107 turres
678 1083 723 1106 ac
740 1075 844 1107 tecta
861 1071 1064 1107 domorum

118 1132 298 1169 Culmina
315 1133 537 1168 convellunt
552 1145 560 1169 τ
589 1133 652 1169 his
670 1145 719 1179 se,
742 1133 897 1178 quando
914 1134 1054 1169 ultima
1072 1138 1245 1176 cernunt,

117 1194 303 1229 Extrema
319 1193 401 1237 jam
418 1195 460 1229 in
476 1198 599 1229 morte
615 1200 757 1238 parant
775 1193 975 1230 defendere
992 1195 1079 1230 telis
1095 1208 1103 1240 3

117 1255 362 1299 Auratasque
378 1255 517 1301 trabes,
540 1260 713 1291 veterum
730 1255 867 1291 decora
885 1256 966 1291 alta
983 1260 1200 1300 parentum,

117 1316 338 1364 Devolvunt
352 1328 360 1352 :
390 1316 458 1351 alii
475 1318 624 1352 strictis
643 1316 890 1353 mucronibus
907 1318 1007 1353 imas

119 1376 306 1413 Obsedere
322 1377 422 1413 fores
438 1389 446 1424 J
474 1377 549 1413 has
567 1381 727 1413 servant
744 1380 898 1421 agmine
915 1377 1034 1414 denso

117 1437 335 1474 Instaurati
351 1440 473 1473 animi
489 1440 592 1483 regis
609 1450 829 1475 succurrere
846 1441 970 1484 tectis,

116 1498 347 1543 Auxilioque
363 1498 491 1535 levare
507 1501 626 1544 viros,
646 1501 801 1544 vimque
818 1499 956 1535 addere
973 1501 1101 1536 victis.

168 1560 304 1595 Limen
319 1563 404 1595 erat
421 1572 626 1605 caecaeque
642 1561 745 1597 fores
760 1564 799 1596 et
816 1563 970 1605 pervius
988 1573 1084 1597 usus

115 1621 323 1656 'rectorum
338 1622 440 1656 inter
456 1633 498 1657 se
514 1621 672 1665 Priami,
696 1625 899 1666 postesque
914 1622 1041 1656 relicti

117 1681 156 1717 A
172 1685 280 1725 tergo
294 1693 302 1717 ε
331 1681 468 1716 infelix
485 1694 561 1726 qua
579 1693 628 1727 se,
652 1681 746 1717 dum
762 1694 883 1725 regna
899 1681 1123 1725 manebant,

120 1742 278 1786 Saepius
295 1741 568 1778 Andromache
584 1743 683 1778 ferre
699 1744 929 1777 incomitata
947 1742 1096 1777 solebat

119 1801 183 1838 Ad
200 1814 350 1838 soceros
366 1806 405 1837 et
423 1814 499 1838 avo
515 1814 676 1846 puerum
693 1803 941 1845 Astyanacta
958 1801 1149 1837 trahebat.

118 1862 256 1899 Evado
274 1862 325 1898 ad
342 1864 485 1899 summi
501 1864 663 1908 fastigia
680 1864 872 1909 culminis,
895 1863 999 1899 unde

117 1923 210 1959 'Pela
227 1935 348 1959 manu
363 1924 495 1960 miseri
510 1923 713 1968 jactabant
729 1925 843 1959 irrita
858 1924 1004 1959 Teucri.

118 1984 274 2019 Turrim
290 1985 332 2019 in
348 1985 549 2029 praecipiti
566 1987 736 2020 stantem
754 1987 988 2028 summisque
1005 1983 1078 2019 sub
1096 1987 1205 2019 astra

120 2044 315 2080 Eductam
330 2047 454 2090 tectis,
478 2044 580 2080 unde
597 2047 724 2081 omnis
739 2045 857 2089 Troja
874 2044 1001 2080 videri

119 2106 173 2141 Et
189 2106 371 2141 Danaum
389 2105 526 2142 solitae
541 2119 662 2143 naves
679 2110 718 2142 et
735 2106 909 2142 Achaica
927 2109 1067 2150 castra,

119 2167 306 2211 Aggressi
324 2167 425 2202 ferro
442 2169 597 2210 circum,
621 2180 698 2211 qua
715 2179 868 2202 summa
884 2166 1062 2203 labantes

120 2226 149 2263 J
149 2232 336 2263 uncturas
353 2227 532 2263 tabulata
549 2227 706 2272 dabant,
730 2228 984 2263 convellimus
1001 2226 1095 2264 altis

120 2286 281 2325 Sedibus
298 2287 602 2333 impulimusque.
658 2287 720 2323 Ea
735 2287 847 2333 lapsa.
862 2291 1017 2332 repente
1030 2288 1188 2324 ruinam

1308 463 1383 498 435

1305 765 1381 803 440

1299 1070 1375 1105 445

1308 1377 1382 1413 450

1308 1679 1383 1716 455

1310 1982 1384 2017 460

1310 2293 1386 2329 465
