1670 2688
291 249 311 285 2
318 248 340 284 4
679 247 859 275 MATRICU
864 248 1010 276 LATION
1045 248 1175 277 LATIN,

289 319 446 358 Belidae
461 333 603 358 nomen
619 322 852 367 Palamedis,
875 327 914 359 et
931 323 1080 359 incluta
1098 324 1206 361 fama

290 382 433 428 Gloria,
457 395 569 429 quem
587 383 690 420 falsa
708 383 781 421 sub
797 384 1016 430 proditione
1031 385 1189 430 Pelasgi

288 443 498 492 Insontem,
520 445 684 481 infando
701 446 856 492 indicio,
878 448 970 492 quia
986 446 1087 484 bella
1103 448 1274 496 vetabat,

289 505 480 543 Demisere
496 508 590 552 neci,
613 519 718 543 nunc
735 520 892 544 cassum
907 507 1054 545 lumine
1069 509 1204 554 lugent
1217 522 1226 556 ;
1503 521 1553 557 85

288 566 353 602 Illi
367 579 430 603 me
445 570 635 615 comitem,
657 573 698 605 et
714 571 1056 613 consanguinitate
1071 572 1338 616 propinquum,

287 628 439 672 Pauper
456 631 497 664 in
515 642 626 665 arma
642 637 753 675 pater
768 632 906 676 primis
922 630 1001 666 huc
1018 633 1126 667 misit
1144 631 1194 667 ab
1212 634 1337 669 annis.

287 689 389 724 Dum
406 689 538 725 stabat
554 702 674 734 regno
692 691 908 737 incolumis,
930 704 1139 737 regumque
1155 692 1312 736 vigebat

288 749 480 795 Conciliis,
502 755 542 786 et
559 762 631 787 nos
649 751 806 796 aliquod
822 764 1036 797 nomenque
1052 752 1239 797 decusque

288 809 496 848 Gessimus.
552 811 709 847 Invidia
725 817 933 857 postquam
949 813 1107 858 pellacis
1125 813 1237 850 Ulixi
1503 813 1554 850 90

289 870 422 916 (Haud
440 873 576 915 ignota
593 871 745 921 loquor)
763 875 912 917 superis
929 876 1120 910 concessit
1138 874 1187 909 ab
1204 876 1294 920 oris,

285 930 466 968 Afflictus
483 935 609 969 vitam
626 935 667 968 in
684 934 853 970 tenebris
870 935 1052 980 luctuque
1068 935 1282 981 trahebam,

286 993 339 1028 Et
356 1005 490 1029 casum
508 996 677 1031 insontis
694 1007 845 1031 mecum
863 996 1096 1041 indignabar
1115 999 1240 1033 amici.

286 1055 364 1090 Nec
381 1057 488 1090 tacui
504 1055 659 1092 demens
675 1069 683 1092 :
711 1062 751 1092 et
768 1069 838 1102 me,
864 1058 944 1094 fors
963 1059 997 1093 si
1015 1070 1091 1102 qua
1108 1059 1273 1104 tulisset,

286 1117 327 1152 Si
343 1119 491 1161 patrios
507 1130 681 1162 unquam
697 1130 927 1155 remeassem
944 1121 1071 1155 victor
1090 1119 1140 1156 ad
1158 1121 1298 1164 Argos,
1503 1119 1552 1155 95

285 1178 453 1214 Promisi
470 1178 648 1224 ultorem,
667 1184 707 1215 et
724 1179 853 1216 verbis
871 1180 959 1216 odia
978 1193 1115 1226 aspera
1133 1183 1248 1217 movi.

283 1240 388 1275 Hinc
405 1240 503 1275 mihi
520 1242 646 1286 prima
664 1242 759 1277 mali
776 1241 882 1278 labes
900 1255 908 1289 ς
937 1242 1031 1278 hinc
1049 1255 1196 1288 semper
1214 1244 1352 1280 Ulixes

285 1301 522 1339 Criminibus
539 1306 680 1338 terrere
696 1305 810 1339 novis
828 1316 836 1346 ς
865 1303 958 1339 hinc
976 1317 1156 1349 spargere
1172 1316 1286 1341 voces

285 1363 333 1399 In
350 1364 512 1408 vulgum
530 1364 745 1411 ambiguas,
767 1370 807 1401 et
824 1378 1003 1411 quaerere
1021 1369 1199 1404 conscius
1217 1380 1336 1403 arma.

285 1426 364 1461 Nec
380 1428 567 1470 requievit
583 1429 698 1473 enim,
721 1426 842 1463 donec
860 1427 1075 1464 Calchante
1092 1431 1320 1465 ministro—
1478 1425 1553 1462 100

286 1486 359 1523 Sed
374 1487 467 1532 quid
484 1500 555 1531 ego
572 1487 669 1524 haec
687 1493 819 1524 autem
835 1491 1069 1534 nequiquam
1085 1492 1244 1533 ingrata
1261 1490 1419 1526 revolvo
1431 1490 1448 1525 Ῥ

285 1547 435 1592 Quidve
451 1561 580 1584 moror
592 1549 610 1585 ἱ)
662 1549 704 1586 Si
721 1562 854 1586 omnes
870 1562 950 1586 uno
968 1551 1102 1587 ordine
1118 1551 1271 1587 habetis
1289 1551 1473 1593 Achivos,

284 1609 403 1654 quue
420 1609 554 1645 audire
571 1614 635 1646 sat
651 1615 721 1657 est,
745 1610 976 1655 jamdudum
994 1614 1136 1648 sumite
1152 1624 1295 1657 poenas
1311 1625 1317 1647 :

283 1669 370 1706 Hoc
387 1671 549 1707 Ithacus
566 1671 672 1718 velit,
694 1676 735 1708 et
750 1684 895 1716 magno
912 1679 1130 1709 mercentur
1146 1673 1336 1709 Atridae'

332 1732 433 1768 Tum
448 1744 540 1768 vero
557 1732 739 1769 ardemus
755 1735 892 1769 scitari
907 1739 946 1770 et
963 1746 1143 1779 quaerere
1160 1746 1310 1778 causas,
1476 1731 1551 1768 105

284 1793 420 1837 Ignari
437 1793 623 1829 scelerum
638 1797 842 1830 tantorum
859 1797 1031 1840 artisque
1046 1795 1243 1839 Pelasgae.

284 1855 536 1900 Prosequitur
553 1857 749 1902 pavitans,
770 1860 811 1892 et
827 1856 920 1892 ficto
936 1861 1089 1902 pectore
1106 1857 1214 1893 fatur
1228 1869 1237 1893 :

339 1919 349 1935 ‘
363 1917 480 1960 Saepe
496 1916 633 1959 fugam
649 1916 779 1952 Danai
793 1916 912 1961 Troja
929 1919 1081 1962 cupiere
1095 1917 1231 1953 relicta

286 1975 425 2022 Moliri,
447 1980 487 2012 et
503 1976 621 2019 longo
639 1977 731 2013 fessi
749 1976 943 2014 discedere
958 1977 1068 2015 bello.

286 2037 558 2082 Fecissentque
573 2039 726 2072 utinam
742 2038 749 2073 !
797 2038 916 2083 Saepe
932 2038 1021 2075 illos
1039 2051 1176 2083 aspera
1192 2040 1302 2084 ponti
1468 2033 1545 2070 110

287 2097 512 2133 Interclusit
528 2097 666 2142 hiems,
687 2102 726 2133 et
743 2101 883 2134 terruit
899 2099 1043 2135 Auster
1061 2106 1204 2135 euntes.

286 2159 505 2203 Praecipue,
530 2170 620 2193 cum
637 2158 719 2202 jam
735 2158 800 2194 hic
818 2159 995 2196 trabibus
1012 2164 1218 2196 contextus
1235 2162 1385 2197 acernis

288 2220 417 2257 Staret
433 2232 562 2264 equus,
587 2224 671 2255 toto
689 2224 902 2256 sonuerunt
918 2219 1072 2256 aethere
1089 2220 1223 2259 nimbi.
