<?xml version="1.0" encoding="UTF-8"?>
<!DOCTYPE html PUBLIC "-//W3C//DTD XHTML 1.0 Transitional//EN"
    "http://www.w3.org/TR/xhtml1/DTD/xhtml1-transitional.dtd">
<html xmlns="http://www.w3.org/1999/xhtml" xml:lang="en" lang="en">
 <head>
  <title>
</title>
<meta http-equiv="Content-Type" content="text/html;charset=utf-8" />
  <meta name='ocr-system' content='tesseract 3.04.00' />
  <meta name='ocr-capabilities' content='ocr_page ocr_carea ocr_par ocr_line ocrx_word'/>
</head>
<body>
  <div class='ocr_page' id='page_1' title='image "aeneidbookii150500virg_0035.png"; bbox 0 0 1670 2688; ppageno 0'>
   <div class='ocr_carea' id='block_1_1' title="bbox 609 280 1428 316">
    <p class='ocr_par' dir='ltr' id='par_1_1' title="bbox 609 280 1428 316">
     <span class='ocr_line' id='line_1_1' title="bbox 609 280 1428 316; baseline 0.004 -6"><span class='ocrx_word' id='word_1_1' title='bbox 609 284 808 311; x_wconf 75' lang='lat' dir='ltr'>AENE1nos</span> <span class='ocrx_word' id='word_1_2' title='bbox 833 284 910 310; x_wconf 71' lang='grc' dir='ltr'>ΜΒ.</span> <span class='ocrx_word' id='word_1_3' title='bbox 941 284 983 311; x_wconf 90' lang='lat'>11.</span> <span class='ocrx_word' id='word_1_4' title='bbox 1383 280 1428 316; x_wconf 87' lang='grc'>31</span> 
     </span>
    </p>
   </div>
   <div class='ocr_carea' id='block_1_2' title="bbox 157 368 1436 1872">
    <p class='ocr_par' dir='ltr' id='par_1_2' title="bbox 168 368 1436 1085">
     <span class='ocr_line' id='line_1_2' title="bbox 171 368 1233 415; baseline 0 -9"><span class='ocrx_word' id='word_1_5' title='bbox 171 368 316 406; x_wconf 87' lang='lat' dir='ltr'>Sternit</span> <span class='ocrx_word' id='word_1_6' title='bbox 334 380 460 414; x_wconf 82' lang='lat' dir='ltr'>agros⁷</span> <span class='ocrx_word' id='word_1_7' title='bbox 485 371 624 405; x_wconf 89' lang='lat' dir='ltr'>sternit</span> <span class='ocrx_word' id='word_1_8' title='bbox 643 374 730 405; x_wconf 86' lang='lat' dir='ltr'>sata</span> <span class='ocrx_word' id='word_1_9' title='bbox 747 369 850 405; x_wconf 88' lang='lat' dir='ltr'>laeta</span> <span class='ocrx_word' id='word_1_10' title='bbox 867 369 1055 414; x_wconf 84' lang='lat' dir='ltr'>boumque</span> <span class='ocrx_word' id='word_1_11' title='bbox 1072 370 1233 415; x_wconf 85' lang='lat' dir='ltr'>labores,</span> 
     </span>
     <span class='ocr_line' id='line_1_3' title="bbox 170 429 1206 476; baseline 0.001 -12"><span class='ocrx_word' id='word_1_12' title='bbox 170 429 476 474; x_wconf 79' lang='lat' dir='ltr'>Praecipitesque</span> <span class='ocrx_word' id='word_1_13' title='bbox 494 430 618 465; x_wconf 86' lang='lat' dir='ltr'>trahit</span> <span class='ocrx_word' id='word_1_14' title='bbox 636 429 759 466; x_wconf 87' lang='lat' dir='ltr'>silvas</span> <span class='ocrx_word' id='word_1_15' title='bbox 774 442 782 476; x_wconf 80' lang='lat'><em>3</em></span> <span class='ocrx_word' id='word_1_16' title='bbox 812 434 942 474; x_wconf 85' lang='lat' dir='ltr'>stupet</span> <span class='ocrx_word' id='word_1_17' title='bbox 959 432 1107 465; x_wconf 79' lang='lat' dir='ltr'>inscius</span> <span class='ocrx_word' id='word_1_18' title='bbox 1125 430 1206 465; x_wconf 86' lang='lat' dir='ltr'>alto</span> 
     </span>
     <span class='ocr_line' id='line_1_4' title="bbox 169 489 1050 535; baseline 0.001 -10"><span class='ocrx_word' id='word_1_19' title='bbox 169 490 371 534; x_wconf 86' lang='lat' dir='ltr'>Accipiens</span> <span class='ocrx_word' id='word_1_20' title='bbox 388 492 561 526; x_wconf 88' lang='lat' dir='ltr'>sonitum</span> <span class='ocrx_word' id='word_1_21' title='bbox 579 492 667 526; x_wconf 85' lang='lat' dir='ltr'>saxi</span> <span class='ocrx_word' id='word_1_22' title='bbox 683 489 731 526; x_wconf 88' lang='lat' dir='ltr'>de</span> <span class='ocrx_word' id='word_1_23' title='bbox 746 492 890 527; x_wconf 87' lang='lat' dir='ltr'>vertice</span> <span class='ocrx_word' id='word_1_24' title='bbox 906 494 1050 535; x_wconf 84' lang='lat' dir='ltr'>pastor.</span> 
     </span>
     <span class='ocr_line' id='line_1_5' title="bbox 168 550 1223 598; baseline 0.003 -14"><span class='ocrx_word' id='word_1_25' title='bbox 168 550 267 585; x_wconf 89' lang='lat' dir='ltr'>Tum</span> <span class='ocrx_word' id='word_1_26' title='bbox 283 562 375 586; x_wconf 87' lang='lat' dir='ltr'>vero</span> <span class='ocrx_word' id='word_1_27' title='bbox 392 552 603 587; x_wconf 83' lang='lat' dir='ltr'>manifesta</span> <span class='ocrx_word' id='word_1_28' title='bbox 618 551 725 598; x_wconf 88' lang='lat' dir='ltr'>fides,</span> <span class='ocrx_word' id='word_1_29' title='bbox 748 551 1001 595; x_wconf 80' lang='lat' dir='ltr'>Danaumque</span> <span class='ocrx_word' id='word_1_30' title='bbox 1018 555 1223 595; x_wconf 82' lang='lat' dir='ltr'>patescunt</span> 
     </span>
     <span class='ocr_line' id='line_1_6' title="bbox 169 602 1435 656; baseline 0.001 -9"><span class='ocrx_word' id='word_1_31' title='bbox 169 610 348 648; x_wconf 84' lang='lat' dir='ltr'>Insidiae.</span> <span class='ocrx_word' id='word_1_32' title='bbox 404 602 499 648; x_wconf 68' lang='lat' dir='ltr'>«Iam</span> <span class='ocrx_word' id='word_1_33' title='bbox 517 611 706 656; x_wconf 82' lang='lat' dir='ltr'>Deiphobi</span> <span class='ocrx_word' id='word_1_34' title='bbox 723 611 828 648; x_wconf 88' lang='lat' dir='ltr'>dedit</span> <span class='ocrx_word' id='word_1_35' title='bbox 846 612 976 656; x_wconf 82' lang='lat' dir='ltr'>ampla</span> <span class='ocrx_word' id='word_1_36' title='bbox 993 613 1159 655; x_wconf 88' lang='lat' dir='ltr'>ruinam,</span> <span class='ocrx_word' id='word_1_37' title='bbox 1361 612 1435 648; x_wconf 86' lang='lat'>310</span> 
     </span>
     <span class='ocr_line' id='line_1_7' title="bbox 169 672 1217 719; baseline 0 -12"><span class='ocrx_word' id='word_1_38' title='bbox 169 672 344 707; x_wconf 81' lang='lat' dir='ltr'>Vulcano</span> <span class='ocrx_word' id='word_1_39' title='bbox 362 677 577 719; x_wconf 76' lang='lat' dir='ltr'>superante,</span> <span class='ocrx_word' id='word_1_40' title='bbox 600 672 762 710; x_wconf 85' lang='lat' dir='ltr'>domus:</span> <span class='ocrx_word' id='word_1_41' title='bbox 791 673 873 718; x_wconf 87' lang='lat' dir='ltr'>jam</span> <span class='ocrx_word' id='word_1_42' title='bbox 889 675 1090 718; x_wconf 87' lang='lat' dir='ltr'>proximus</span> <span class='ocrx_word' id='word_1_43' title='bbox 1108 673 1217 708; x_wconf 84' lang='lat' dir='ltr'>ardet</span> 
     </span>
     <span class='ocr_line' id='line_1_8' title="bbox 169 732 1052 778; baseline 0.001 -9"><span class='ocrx_word' id='word_1_44' title='bbox 169 732 368 777; x_wconf 83' lang='lat' dir='ltr'>Ucalegon</span> <span class='ocrx_word' id='word_1_45' title='bbox 382 745 390 769; x_wconf 75' lang='grc' dir='ltr'>ε</span> <span class='ocrx_word' id='word_1_46' title='bbox 421 733 534 778; x_wconf 87' lang='lat' dir='ltr'>Sigea</span> <span class='ocrx_word' id='word_1_47' title='bbox 551 735 635 778; x_wconf 86' lang='lat' dir='ltr'>igni</span> <span class='ocrx_word' id='word_1_48' title='bbox 652 734 755 770; x_wconf 84' lang='lat' dir='ltr'>freta</span> <span class='ocrx_word' id='word_1_49' title='bbox 770 733 854 769; x_wconf 88' lang='lat' dir='ltr'>lata</span> <span class='ocrx_word' id='word_1_50' title='bbox 871 733 1052 770; x_wconf 73' lang='lat' dir='ltr'>relucent.</span> 
     </span>
     <span class='ocr_line' id='line_1_9' title="bbox 169 793 1195 840; baseline 0.002 -12"><span class='ocrx_word' id='word_1_51' title='bbox 169 793 355 829; x_wconf 73' lang='lat' dir='ltr'>Exoritur</span> <span class='ocrx_word' id='word_1_52' title='bbox 372 794 590 839; x_wconf 88' lang='lat' dir='ltr'>clamorque</span> <span class='ocrx_word' id='word_1_53' title='bbox 607 796 737 831; x_wconf 86' lang='lat' dir='ltr'>virum</span> <span class='ocrx_word' id='word_1_54' title='bbox 754 794 986 840; x_wconf 85' lang='lat' dir='ltr'>clangorque</span> <span class='ocrx_word' id='word_1_55' title='bbox 1003 795 1195 831; x_wconf 88' lang='lat' dir='ltr'>tubarum.</span> 
     </span>
     <span class='ocr_line' id='line_1_10' title="bbox 169 855 1156 901; baseline 0.001 -10"><span class='ocrx_word' id='word_1_56' title='bbox 169 855 291 891; x_wconf 84' lang='lat' dir='ltr'>Arma</span> <span class='ocrx_word' id='word_1_57' title='bbox 309 867 442 892; x_wconf 89' lang='lat' dir='ltr'>amens</span> <span class='ocrx_word' id='word_1_58' title='bbox 459 857 579 901; x_wconf 86' lang='lat' dir='ltr'>capio,</span> <span class='ocrx_word' id='word_1_59' title='bbox 603 868 672 891; x_wconf 87' lang='lat' dir='ltr'>nec</span> <span class='ocrx_word' id='word_1_60' title='bbox 690 860 754 892; x_wconf 87' lang='lat' dir='ltr'>sat</span> <span class='ocrx_word' id='word_1_61' title='bbox 770 857 937 892; x_wconf 91' lang='lat' dir='ltr'>rationis</span> <span class='ocrx_word' id='word_1_62' title='bbox 954 858 996 891; x_wconf 89' lang='lat' dir='ltr'>in</span> <span class='ocrx_word' id='word_1_63' title='bbox 1014 858 1132 892; x_wconf 88' lang='lat' dir='ltr'>armis</span> <span class='ocrx_word' id='word_1_64' title='bbox 1149 869 1156 901; x_wconf 92' lang='grc'><strong>;</strong></span> 
     </span>
     <span class='ocr_line' id='line_1_11' title="bbox 170 915 1436 963; baseline -0.001 -11"><span class='ocrx_word' id='word_1_65' title='bbox 170 915 243 952; x_wconf 88' lang='lat' dir='ltr'>Sed</span> <span class='ocrx_word' id='word_1_66' title='bbox 260 916 472 961; x_wconf 87' lang='lat' dir='ltr'>glomerare</span> <span class='ocrx_word' id='word_1_67' title='bbox 488 929 649 952; x_wconf 87' lang='lat' dir='ltr'>manum</span> <span class='ocrx_word' id='word_1_68' title='bbox 665 916 775 963; x_wconf 87' lang='lat' dir='ltr'>bello,</span> <span class='ocrx_word' id='word_1_69' title='bbox 798 922 836 953; x_wconf 89' lang='lat' dir='ltr'>et</span> <span class='ocrx_word' id='word_1_70' title='bbox 854 929 1079 953; x_wconf 89' lang='lat' dir='ltr'>concurrere</span> <span class='ocrx_word' id='word_1_71' title='bbox 1096 919 1137 952; x_wconf 90' lang='lat' dir='ltr'>in</span> <span class='ocrx_word' id='word_1_72' title='bbox 1156 929 1282 952; x_wconf 87' lang='lat' dir='ltr'>arcem</span> <span class='ocrx_word' id='word_1_73' title='bbox 1363 916 1436 952; x_wconf 84' lang='lat'>315</span> 
     </span>
     <span class='ocr_line' id='line_1_12' title="bbox 170 976 1222 1023; baseline 0 -10"><span class='ocrx_word' id='word_1_74' title='bbox 170 977 269 1014; x_wconf 85' lang='lat' dir='ltr'>Cum</span> <span class='ocrx_word' id='word_1_75' title='bbox 285 979 400 1013; x_wconf 89' lang='lat' dir='ltr'>sociis</span> <span class='ocrx_word' id='word_1_76' title='bbox 418 976 556 1013; x_wconf 86' lang='lat' dir='ltr'>ardent</span> <span class='ocrx_word' id='word_1_77' title='bbox 573 979 705 1014; x_wconf 88' lang='lat' dir='ltr'>animi.</span> <span class='ocrx_word' id='word_1_78' title='bbox 762 978 887 1013; x_wconf 84' lang='lat' dir='ltr'>Furor</span> <span class='ocrx_word' id='word_1_79' title='bbox 905 980 1038 1023; x_wconf 89' lang='lat' dir='ltr'>iraque</span> <span class='ocrx_word' id='word_1_80' title='bbox 1054 987 1222 1014; x_wconf 82' lang='lat' dir='ltr'>mentem</span> 
     </span>
     <span class='ocr_line' id='line_1_13' title="bbox 169 1037 1294 1085; baseline 0.002 -13"><span class='ocrx_word' id='word_1_81' title='bbox 169 1037 454 1085; x_wconf 79' lang='lat' dir='ltr'>Praecipitant3</span> <span class='ocrx_word' id='word_1_82' title='bbox 483 1038 762 1083; x_wconf 85' lang='lat' dir='ltr'>pulchrumque</span> <span class='ocrx_word' id='word_1_83' title='bbox 779 1040 878 1073; x_wconf 86' lang='lat' dir='ltr'>mori</span> <span class='ocrx_word' id='word_1_84' title='bbox 895 1040 1086 1074; x_wconf 89' lang='lat' dir='ltr'>succurrit</span> <span class='ocrx_word' id='word_1_85' title='bbox 1104 1040 1146 1073; x_wconf 90' lang='lat' dir='ltr'>in</span> <span class='ocrx_word' id='word_1_86' title='bbox 1164 1040 1294 1074; x_wconf 88' lang='lat' dir='ltr'>armis.</span> 
     </span>
    </p>

    <p class='ocr_par' dir='ltr' id='par_1_3' title="bbox 157 1099 1435 1872">
     <span class='ocr_line' id='line_1_14' title="bbox 218 1099 1166 1144; baseline 0 -10"><span class='ocrx_word' id='word_1_87' title='bbox 218 1099 317 1134; x_wconf 89' lang='lat' dir='ltr'>Ecce</span> <span class='ocrx_word' id='word_1_88' title='bbox 334 1103 465 1135; x_wconf 87' lang='lat' dir='ltr'>autem</span> <span class='ocrx_word' id='word_1_89' title='bbox 481 1100 570 1136; x_wconf 86' lang='lat' dir='ltr'>telis</span> <span class='ocrx_word' id='word_1_90' title='bbox 586 1100 769 1135; x_wconf 84' lang='lat' dir='ltr'>Panthus</span> <span class='ocrx_word' id='word_1_91' title='bbox 785 1100 940 1144; x_wconf 86' lang='lat' dir='ltr'>elapsus</span> <span class='ocrx_word' id='word_1_92' title='bbox 958 1099 1166 1143; x_wconf 86' lang='lat' dir='ltr'>Achivum,</span> 
     </span>
     <span class='ocr_line' id='line_1_15' title="bbox 169 1160 1170 1206; baseline 0.002 -11"><span class='ocrx_word' id='word_1_93' title='bbox 169 1160 350 1196; x_wconf 77' lang='lat' dir='ltr'>Panthus</span> <span class='ocrx_word' id='word_1_94' title='bbox 369 1160 599 1206; x_wconf 85' lang='lat' dir='ltr'>Othryades,</span> <span class='ocrx_word' id='word_1_95' title='bbox 625 1163 725 1197; x_wconf 88' lang='lat' dir='ltr'>arcis</span> <span class='ocrx_word' id='word_1_96' title='bbox 743 1161 964 1205; x_wconf 86' lang='lat' dir='ltr'>Phoebique</span> <span class='ocrx_word' id='word_1_97' title='bbox 982 1160 1170 1197; x_wconf 85' lang='lat' dir='ltr'>sacerdos.</span> 
     </span>
     <span class='ocr_line' id='line_1_16' title="bbox 171 1220 1435 1266; baseline -0.001 -11"><span class='ocrx_word' id='word_1_98' title='bbox 171 1220 288 1256; x_wconf 86' lang='lat' dir='ltr'>Sacra</span> <span class='ocrx_word' id='word_1_99' title='bbox 306 1233 426 1256; x_wconf 88' lang='lat' dir='ltr'>manu</span> <span class='ocrx_word' id='word_1_100' title='bbox 443 1223 642 1266; x_wconf 85' lang='lat' dir='ltr'>victosque</span> <span class='ocrx_word' id='word_1_101' title='bbox 659 1222 758 1257; x_wconf 91' lang='lat' dir='ltr'>Deos</span> <span class='ocrx_word' id='word_1_102' title='bbox 775 1233 1014 1266; x_wconf 86' lang='lat' dir='ltr'>parvumque</span> <span class='ocrx_word' id='word_1_103' title='bbox 1032 1232 1208 1265; x_wconf 79' lang='lat' dir='ltr'>nepotem</span> <span class='ocrx_word' id='word_1_104' title='bbox 1363 1222 1435 1255; x_wconf 69' lang='lat'>320</span> 
     </span>
     <span class='ocr_line' id='line_1_17' title="bbox 169 1280 1161 1327; baseline 0 -11"><span class='ocrx_word' id='word_1_105' title='bbox 169 1280 257 1325; x_wconf 88' lang='lat' dir='ltr'>Ipse</span> <span class='ocrx_word' id='word_1_106' title='bbox 273 1281 408 1327; x_wconf 86' lang='lat' dir='ltr'>trahit,</span> <span class='ocrx_word' id='word_1_107' title='bbox 433 1294 622 1326; x_wconf 85' lang='lat' dir='ltr'>cursuque</span> <span class='ocrx_word' id='word_1_108' title='bbox 639 1294 773 1318; x_wconf 85' lang='lat' dir='ltr'>amens</span> <span class='ocrx_word' id='word_1_109' title='bbox 790 1281 842 1317; x_wconf 89' lang='lat' dir='ltr'>ad</span> <span class='ocrx_word' id='word_1_110' title='bbox 858 1282 997 1317; x_wconf 83' lang='lat' dir='ltr'>limina</span> <span class='ocrx_word' id='word_1_111' title='bbox 1014 1282 1137 1317; x_wconf 79' lang='lat' dir='ltr'>tendit</span> <span class='ocrx_word' id='word_1_112' title='bbox 1154 1295 1161 1317; x_wconf 91' lang='lat'><strong>:</strong></span> 
     </span>
     <span class='ocr_line' id='line_1_18' title="bbox 157 1340 1434 1386; baseline 0 -11"><span class='ocrx_word' id='word_1_113' title='bbox 157 1345 159 1349; x_wconf 64' lang='lat'><strong><em>⁴</em></strong></span> <span class='ocrx_word' id='word_1_114' title='bbox 174 1343 186 1360; x_wconf 91' lang='lat'><em>‘</em></span> <span class='ocrx_word' id='word_1_115' title='bbox 198 1340 282 1384; x_wconf 81' lang='lat' dir='ltr'>Quo</span> <span class='ocrx_word' id='word_1_116' title='bbox 299 1353 360 1376; x_wconf 86' lang='lat' dir='ltr'>res</span> <span class='ocrx_word' id='word_1_117' title='bbox 377 1353 531 1376; x_wconf 84' lang='lat' dir='ltr'>summa</span> <span class='ocrx_word' id='word_1_118' title='bbox 547 1341 641 1386; x_wconf 78' lang='lat'>1000,</span> <span class='ocrx_word' id='word_1_119' title='bbox 666 1341 827 1377; x_wconf 82' lang='lat' dir='ltr'>Panthu</span> <span class='ocrx_word' id='word_1_120' title='bbox 841 1341 859 1377; x_wconf 75' lang='lat' dir='ltr'>P</span> <span class='ocrx_word' id='word_1_121' title='bbox 884 1354 1000 1386; x_wconf 85' lang='lat' dir='ltr'>quam</span> <span class='ocrx_word' id='word_1_122' title='bbox 1019 1341 1243 1385; x_wconf 81' lang='lat' dir='ltr'>prendimus</span> <span class='ocrx_word' id='word_1_123' title='bbox 1263 1341 1414 1375; x_wconf 78' lang='lat' dir='ltr'>arcem?</span> <span class='ocrx_word' id='word_1_124' title='bbox 1425 1341 1434 1358; x_wconf 75' lang='lat'>⁹</span> 
     </span>
     <span class='ocr_line' id='line_1_19' title="bbox 170 1402 1131 1448; baseline 0 -9"><span class='ocrx_word' id='word_1_125' title='bbox 170 1402 248 1440; x_wconf 86' lang='lat' dir='ltr'>Vix</span> <span class='ocrx_word' id='word_1_126' title='bbox 263 1415 309 1439; x_wconf 86' lang='lat' dir='ltr'>ea</span> <span class='ocrx_word' id='word_1_127' title='bbox 326 1403 434 1439; x_wconf 85' lang='lat' dir='ltr'>fatus</span> <span class='ocrx_word' id='word_1_128' title='bbox 451 1415 567 1448; x_wconf 83' lang='lat' dir='ltr'>eram,</span> <span class='ocrx_word' id='word_1_129' title='bbox 592 1405 739 1447; x_wconf 87' lang='lat' dir='ltr'>gemitu</span> <span class='ocrx_word' id='word_1_130' title='bbox 763 1415 850 1437; x_wconf 87' lang='lat' dir='ltr'>cum</span> <span class='ocrx_word' id='word_1_131' title='bbox 868 1404 964 1438; x_wconf 85' lang='lat' dir='ltr'>talia</span> <span class='ocrx_word' id='word_1_132' title='bbox 983 1402 1107 1438; x_wconf 86' lang='lat' dir='ltr'>reddit</span> <span class='ocrx_word' id='word_1_133' title='bbox 1123 1416 1131 1439; x_wconf 76' lang='grc' dir='ltr'><strong><em>ε</em></strong></span> 
     </span>
     <span class='ocr_line' id='line_1_20' title="bbox 177 1463 1072 1507; baseline 0 -8"><span class='ocrx_word' id='word_1_134' title='bbox 177 1463 314 1499; x_wconf 87' lang='lat' dir='ltr'>‘Venit</span> <span class='ocrx_word' id='word_1_135' title='bbox 331 1476 485 1499; x_wconf 87' lang='lat' dir='ltr'>summa</span> <span class='ocrx_word' id='word_1_136' title='bbox 503 1463 584 1499; x_wconf 90' lang='lat' dir='ltr'>dies</span> <span class='ocrx_word' id='word_1_137' title='bbox 600 1468 639 1499; x_wconf 89' lang='lat' dir='ltr'>et</span> <span class='ocrx_word' id='word_1_138' title='bbox 657 1464 903 1499; x_wconf 84' lang='lat' dir='ltr'>ineluctabile</span> <span class='ocrx_word' id='word_1_139' title='bbox 920 1468 1072 1507; x_wconf 89' lang='lat' dir='ltr'>tempus</span> 
     </span>
     <span class='ocr_line' id='line_1_21' title="bbox 171 1523 1386 1569; baseline -0.001 -10"><span class='ocrx_word' id='word_1_140' title='bbox 171 1524 400 1560; x_wconf 90' lang='lat' dir='ltr'>Dardaniae.</span> <span class='ocrx_word' id='word_1_141' title='bbox 456 1524 620 1560; x_wconf 84' lang='lat' dir='ltr'>Fuimus</span> <span class='ocrx_word' id='word_1_142' title='bbox 637 1525 764 1569; x_wconf 80' lang='lat' dir='ltr'>Troes,</span> <span class='ocrx_word' id='word_1_143' title='bbox 788 1525 865 1559; x_wconf 80' lang='lat' dir='ltr'>fuit</span> <span class='ocrx_word' id='word_1_144' title='bbox 882 1524 1010 1568; x_wconf 81' lang='lat' dir='ltr'>Ilium,</span> <span class='ocrx_word' id='word_1_145' title='bbox 1034 1528 1072 1559; x_wconf 91' lang='lat' dir='ltr'>et</span> <span class='ocrx_word' id='word_1_146' title='bbox 1090 1525 1228 1567; x_wconf 87' lang='lat' dir='ltr'>ingens</span> <span class='ocrx_word' id='word_1_147' title='bbox 1364 1523 1386 1557; x_wconf 89' lang='lat'><strong>3</strong></span> 
     </span>
     <span class='ocr_line' id='line_1_22' title="bbox 172 1583 1212 1627; baseline -0.003 -7"><span class='ocrx_word' id='word_1_148' title='bbox 172 1585 305 1620; x_wconf 80' lang='lat' dir='ltr'>Gloria</span> <span class='ocrx_word' id='word_1_149' title='bbox 321 1585 566 1621; x_wconf 78' lang='lat' dir='ltr'>Teucrorum.</span> <span class='ocrx_word' id='word_1_150' title='bbox 622 1584 744 1619; x_wconf 85' lang='lat' dir='ltr'>Ferus</span> <span class='ocrx_word' id='word_1_151' title='bbox 762 1586 894 1619; x_wconf 86' lang='lat' dir='ltr'>omnia</span> <span class='ocrx_word' id='word_1_152' title='bbox 912 1583 1067 1627; x_wconf 86' lang='lat' dir='ltr'>Jupiter</span> <span class='ocrx_word' id='word_1_153' title='bbox 1084 1585 1212 1626; x_wconf 80' lang='lat' dir='ltr'>Argos</span> 
     </span>
     <span class='ocr_line' id='line_1_23' title="bbox 171 1644 1214 1681; baseline -0.001 -1"><span class='ocrx_word' id='word_1_154' title='bbox 171 1645 399 1681; x_wconf 81' lang='lat' dir='ltr'>Transtulit.</span> <span class='ocrx_word' id='word_1_155' title='bbox 455 1645 620 1681; x_wconf 89' lang='lat' dir='ltr'>Incensa</span> <span class='ocrx_word' id='word_1_156' title='bbox 637 1645 765 1680; x_wconf 87' lang='lat' dir='ltr'>Danai</span> <span class='ocrx_word' id='word_1_157' title='bbox 782 1644 1034 1679; x_wconf 87' lang='lat' dir='ltr'>dominantur</span> <span class='ocrx_word' id='word_1_158' title='bbox 1052 1647 1093 1679; x_wconf 91' lang='lat' dir='ltr'>in</span> <span class='ocrx_word' id='word_1_159' title='bbox 1111 1645 1214 1679; x_wconf 89' lang='lat' dir='ltr'>urbe.</span> 
     </span>
     <span class='ocr_line' id='line_1_24' title="bbox 172 1705 1109 1742; baseline -0.003 0"><span class='ocrx_word' id='word_1_160' title='bbox 172 1706 330 1742; x_wconf 87' lang='lat' dir='ltr'>Arduus</span> <span class='ocrx_word' id='word_1_161' title='bbox 349 1710 522 1742; x_wconf 89' lang='lat' dir='ltr'>armatos</span> <span class='ocrx_word' id='word_1_162' title='bbox 538 1705 675 1741; x_wconf 89' lang='lat' dir='ltr'>mediis</span> <span class='ocrx_word' id='word_1_163' title='bbox 693 1707 735 1741; x_wconf 88' lang='lat' dir='ltr'>in</span> <span class='ocrx_word' id='word_1_164' title='bbox 752 1705 952 1741; x_wconf 88' lang='lat' dir='ltr'>moenibus</span> <span class='ocrx_word' id='word_1_165' title='bbox 975 1710 1109 1741; x_wconf 81' lang='lat' dir='ltr'>astans</span> 
     </span>
     <span class='ocr_line' id='line_1_25' title="bbox 173 1767 1176 1814; baseline -0.002 -10"><span class='ocrx_word' id='word_1_166' title='bbox 173 1767 319 1805; x_wconf 83' lang='lat' dir='ltr'>Fundit</span> <span class='ocrx_word' id='word_1_167' title='bbox 335 1781 466 1814; x_wconf 84' lang='lat' dir='ltr'>equus,</span> <span class='ocrx_word' id='word_1_168' title='bbox 490 1770 690 1813; x_wconf 86' lang='lat' dir='ltr'>victorque</span> <span class='ocrx_word' id='word_1_169' title='bbox 708 1769 828 1804; x_wconf 83' lang='lat' dir='ltr'>Sinon</span> <span class='ocrx_word' id='word_1_170' title='bbox 845 1767 1023 1803; x_wconf 84' lang='lat' dir='ltr'>incendia</span> <span class='ocrx_word' id='word_1_171' title='bbox 1041 1770 1176 1803; x_wconf 89' lang='lat' dir='ltr'>miscet</span> 
     </span>
     <span class='ocr_line' id='line_1_26' title="bbox 174 1827 1431 1872; baseline -0.003 -8"><span class='ocrx_word' id='word_1_172' title='bbox 174 1828 387 1865; x_wconf 87' lang='lat' dir='ltr'>Insultans.</span> <span class='ocrx_word' id='word_1_173' title='bbox 443 1828 576 1865; x_wconf 86' lang='lat' dir='ltr'>Portis</span> <span class='ocrx_word' id='word_1_174' title='bbox 593 1829 663 1864; x_wconf 88' lang='lat' dir='ltr'>alii</span> <span class='ocrx_word' id='word_1_175' title='bbox 679 1828 943 1872; x_wconf 86' lang='lat' dir='ltr'>bipatentibus</span> <span class='ocrx_word' id='word_1_176' title='bbox 961 1828 1117 1872; x_wconf 82' lang='lat' dir='ltr'>adsunt,</span> <span class='ocrx_word' id='word_1_177' title='bbox 1365 1827 1431 1861; x_wconf 55' lang='lat' dir='ltr'>33r</span> 
     </span>
    </p>
   </div>
   <div class='ocr_carea' id='block_1_3' title="bbox 1390 1521 1437 1558">
    <p class='ocr_par' dir='ltr' id='par_1_4' title="bbox 1390 1521 1437 1558">
     <span class='ocr_line' id='line_1_27' title="bbox 1390 1524 1412 1558; textangle 90"><span class='ocrx_word' id='word_1_178' title='bbox 1390 1524 1412 1558; x_wconf 74' lang='lat'>10</span> 
     </span>
     <span class='ocr_line' id='line_1_28' title="bbox 1416 1521 1437 1557; textangle 90"><span class='ocrx_word' id='word_1_179' title='bbox 1416 1545 1437 1557; x_wconf 63' lang='grc' dir='ltr'>Ε</span> <span class='ocrx_word' id='word_1_180' title='bbox 1416 1521 1434 1542; x_wconf 79' lang='grc' dir='ltr'>Π</span> 
     </span>
    </p>
   </div>
   <div class='ocr_carea' id='block_1_4' title="bbox 175 1888 1436 2299">
    <p class='ocr_par' dir='ltr' id='par_1_5' title="bbox 175 1888 1145 1934">
     <span class='ocr_line' id='line_1_29' title="bbox 175 1888 1145 1934; baseline 0 -10"><span class='ocrx_word' id='word_1_181' title='bbox 175 1890 300 1925; x_wconf 88' lang='lat' dir='ltr'>Millia</span> <span class='ocrx_word' id='word_1_182' title='bbox 317 1893 411 1934; x_wconf 90' lang='lat' dir='ltr'>quot</span> <span class='ocrx_word' id='word_1_183' title='bbox 428 1891 584 1933; x_wconf 83' lang='lat' dir='ltr'>magnis</span> <span class='ocrx_word' id='word_1_184' title='bbox 601 1902 787 1934; x_wconf 88' lang='lat' dir='ltr'>umquam</span> <span class='ocrx_word' id='word_1_185' title='bbox 806 1901 943 1925; x_wconf 86' lang='lat' dir='ltr'>venere</span> <span class='ocrx_word' id='word_1_186' title='bbox 960 1888 1145 1931; x_wconf 83' lang='lat' dir='ltr'>Mycenis.</span> 
     </span>
    </p>

    <p class='ocr_par' dir='ltr' id='par_1_6' title="bbox 176 1949 913 1994">
     <span class='ocr_line' id='line_1_30' title="bbox 176 1949 913 1994; baseline -0.003 -8"><span class='ocrx_word' id='word_1_187' title='bbox 176 1949 363 1986; x_wconf 88' lang='lat' dir='ltr'>Obsedere</span> <span class='ocrx_word' id='word_1_188' title='bbox 380 1950 449 1985; x_wconf 88' lang='lat' dir='ltr'>alii</span> <span class='ocrx_word' id='word_1_189' title='bbox 465 1950 554 1986; x_wconf 88' lang='lat' dir='ltr'>telis</span> <span class='ocrx_word' id='word_1_190' title='bbox 573 1954 742 1994; x_wconf 85' lang='lat' dir='ltr'>angusta</span> <span class='ocrx_word' id='word_1_191' title='bbox 759 1951 913 1984; x_wconf 87' lang='lat' dir='ltr'>viarum</span> 
     </span>
    </p>

    <p class='ocr_par' dir='ltr' id='par_1_7' title="bbox 177 2009 1090 2056">
     <span class='ocr_line' id='line_1_31' title="bbox 177 2009 1090 2056; baseline -0.001 -11"><span class='ocrx_word' id='word_1_192' title='bbox 177 2009 375 2056; x_wconf 81' lang='lat' dir='ltr'>Oppositi3</span> <span class='ocrx_word' id='word_1_193' title='bbox 405 2014 486 2046; x_wconf 83' lang='lat' dir='ltr'>stat</span> <span class='ocrx_word' id='word_1_194' title='bbox 505 2010 596 2045; x_wconf 83' lang='lat' dir='ltr'>ferri</span> <span class='ocrx_word' id='word_1_195' title='bbox 614 2011 716 2046; x_wconf 88' lang='lat' dir='ltr'>acies</span> <span class='ocrx_word' id='word_1_196' title='bbox 733 2022 915 2045; x_wconf 86' lang='lat' dir='ltr'>mucrone</span> <span class='ocrx_word' id='word_1_197' title='bbox 932 2022 1090 2045; x_wconf 87' lang='lat' dir='ltr'>corusco</span> 
     </span>
    </p>

    <p class='ocr_par' dir='ltr' id='par_1_8' title="bbox 178 2070 1181 2115">
     <span class='ocr_line' id='line_1_32' title="bbox 178 2070 1181 2115; baseline -0.002 -9"><span class='ocrx_word' id='word_1_198' title='bbox 178 2070 330 2115; x_wconf 85' lang='lat' dir='ltr'>Stricta,</span> <span class='ocrx_word' id='word_1_199' title='bbox 355 2074 494 2114; x_wconf 88' lang='lat' dir='ltr'>parata</span> <span class='ocrx_word' id='word_1_200' title='bbox 511 2072 596 2106; x_wconf 83' lang='lat' dir='ltr'>neci</span> <span class='ocrx_word' id='word_1_201' title='bbox 611 2083 618 2106; x_wconf 94' lang='lat'><strong>:</strong></span> <span class='ocrx_word' id='word_1_202' title='bbox 647 2072 716 2106; x_wconf 81' lang='lat' dir='ltr'>vix</span> <span class='ocrx_word' id='word_1_203' title='bbox 733 2072 848 2114; x_wconf 88' lang='lat' dir='ltr'>primi</span> <span class='ocrx_word' id='word_1_204' title='bbox 866 2071 1009 2114; x_wconf 88' lang='lat' dir='ltr'>proelia</span> <span class='ocrx_word' id='word_1_205' title='bbox 1029 2075 1181 2104; x_wconf 82' lang='lat' dir='ltr'>tentant</span> 
     </span>
    </p>

    <p class='ocr_par' dir='ltr' id='par_1_9' title="bbox 177 2128 1436 2236">
     <span class='ocr_line' id='line_1_33' title="bbox 177 2128 1436 2177; baseline -0.002 -11"><span class='ocrx_word' id='word_1_206' title='bbox 177 2131 387 2166; x_wconf 87' lang='lat' dir='ltr'>Portarum</span> <span class='ocrx_word' id='word_1_207' title='bbox 402 2131 551 2177; x_wconf 87' lang='lat' dir='ltr'>vigiles,</span> <span class='ocrx_word' id='word_1_208' title='bbox 574 2135 613 2167; x_wconf 93' lang='lat' dir='ltr'>et</span> <span class='ocrx_word' id='word_1_209' title='bbox 631 2142 743 2166; x_wconf 90' lang='lat' dir='ltr'>caeco</span> <span class='ocrx_word' id='word_1_210' title='bbox 761 2130 887 2166; x_wconf 87' lang='lat' dir='ltr'>Marte</span> <span class='ocrx_word' id='word_1_211' title='bbox 903 2131 1116 2165; x_wconf 56' lang='lat' dir='ltr'>resistunt)</span> <span class='ocrx_word' id='word_1_212' title='bbox 1368 2128 1436 2163; x_wconf 57' lang='lat'>332</span> 
     </span>
     <span class='ocr_line' id='line_1_34' title="bbox 177 2191 1122 2236; baseline -0.002 -9"><span class='ocrx_word' id='word_1_213' title='bbox 177 2191 337 2227; x_wconf 89' lang='lat' dir='ltr'>Talibus</span> <span class='ocrx_word' id='word_1_214' title='bbox 355 2191 581 2235; x_wconf 87' lang='lat' dir='ltr'>Othryadae</span> <span class='ocrx_word' id='word_1_215' title='bbox 598 2191 723 2236; x_wconf 80' lang='lat' dir='ltr'>dictis,</span> <span class='ocrx_word' id='word_1_216' title='bbox 747 2195 786 2227; x_wconf 91' lang='lat' dir='ltr'>et</span> <span class='ocrx_word' id='word_1_217' title='bbox 804 2193 961 2226; x_wconf 89' lang='lat' dir='ltr'>numine</span> <span class='ocrx_word' id='word_1_218' title='bbox 979 2191 1122 2226; x_wconf 80' lang='lat' dir='ltr'>Divum</span> 
     </span>
    </p>

    <p class='ocr_par' dir='ltr' id='par_1_10' title="bbox 175 2250 1203 2299">
     <span class='ocr_line' id='line_1_35' title="bbox 175 2250 1203 2299; baseline 0.007 -14"><span class='ocrx_word' id='word_1_219' title='bbox 175 2252 226 2289; x_wconf 90' lang='lat' dir='ltr'>In</span> <span class='ocrx_word' id='word_1_220' title='bbox 241 2250 420 2288; x_wconf 89' lang='lat' dir='ltr'>flammas</span> <span class='ocrx_word' id='word_1_221' title='bbox 437 2257 475 2287; x_wconf 91' lang='lat' dir='ltr'>et</span> <span class='ocrx_word' id='word_1_222' title='bbox 493 2254 533 2288; x_wconf 91' lang='lat' dir='ltr'>in</span> <span class='ocrx_word' id='word_1_223' title='bbox 551 2265 660 2288; x_wconf 88' lang='lat' dir='ltr'>arma</span> <span class='ocrx_word' id='word_1_224' title='bbox 678 2254 788 2299; x_wconf 77' lang='lat' dir='ltr'>feror,</span> <span class='ocrx_word' id='word_1_225' title='bbox 812 2265 887 2299; x_wconf 91' lang='lat' dir='ltr'>quo</span> <span class='ocrx_word' id='word_1_226' title='bbox 904 2256 1030 2291; x_wconf 87' lang='lat' dir='ltr'>tristis</span> <span class='ocrx_word' id='word_1_227' title='bbox 1047 2256 1203 2298; x_wconf 87' lang='lat' dir='ltr'>Erinys,</span> 
     </span>
    </p>
   </div>
  </div>
 </body>
</html>
