<?xml version="1.0" encoding="UTF-8"?>
<!DOCTYPE html PUBLIC "-//W3C//DTD XHTML 1.0 Transitional//EN"
    "http://www.w3.org/TR/xhtml1/DTD/xhtml1-transitional.dtd">
<html xmlns="http://www.w3.org/1999/xhtml" xml:lang="en" lang="en">
 <head>
  <title>
</title>
<meta http-equiv="Content-Type" content="text/html;charset=utf-8" />
  <meta name='ocr-system' content='tesseract 3.04.00' />
  <meta name='ocr-capabilities' content='ocr_page ocr_carea ocr_par ocr_line ocrx_word'/>
</head>
<body>
  <div class='ocr_page' id='page_1' title='image "aeneidbookii150500virg_0040.png"; bbox 0 0 1670 2688; ppageno 0'>
   <div class='ocr_carea' id='block_1_1' title="bbox 272 330 1143 366">
    <p class='ocr_par' dir='ltr' id='par_1_1' title="bbox 272 330 1143 366">
     <span class='ocr_line' id='line_1_1' title="bbox 272 330 1143 366; baseline 0.006 -8"><span class='ocrx_word' id='word_1_1' title='bbox 272 330 321 366; x_wconf 83' lang='lat'><strong>36</strong></span> <span class='ocrx_word' id='word_1_2' title='bbox 648 338 980 363; x_wconf 76' lang='lat' dir='ltr'>MATRICULATION</span> <span class='ocrx_word' id='word_1_3' title='bbox 1010 338 1143 363; x_wconf 80' lang='lat' dir='ltr'><strong>LATIN.</strong></span> 
     </span>
    </p>
   </div>
   <div class='ocr_carea' id='block_1_2' title="bbox 266 412 1538 1863">
    <p class='ocr_par' dir='ltr' id='par_1_2' title="bbox 266 412 1333 580">
     <span class='ocr_line' id='line_1_2' title="bbox 267 412 1333 459; baseline 0 -8"><span class='ocrx_word' id='word_1_4' title='bbox 267 412 369 451; x_wconf 81' lang='lat' dir='ltr'><strong>Cum</strong></span> <span class='ocrx_word' id='word_1_5' title='bbox 386 416 518 450; x_wconf 88' lang='lat' dir='ltr'><strong>sonitu</strong></span> <span class='ocrx_word' id='word_1_6' title='bbox 534 415 670 459; x_wconf 86' lang='lat' dir='ltr'><strong>trahit,</strong></span> <span class='ocrx_word' id='word_1_7' title='bbox 694 418 731 450; x_wconf 91' lang='lat' dir='ltr'><strong>et</strong></span> <span class='ocrx_word' id='word_1_8' title='bbox 749 414 929 449; x_wconf 88' lang='lat' dir='ltr'><strong>Danaum</strong></span> <span class='ocrx_word' id='word_1_9' title='bbox 948 426 1061 458; x_wconf 90' lang='lat' dir='ltr'><strong>super</strong></span> <span class='ocrx_word' id='word_1_10' title='bbox 1078 416 1236 457; x_wconf 85' lang='lat' dir='ltr'><strong>agmina</strong></span> <span class='ocrx_word' id='word_1_11' title='bbox 1252 413 1333 452; x_wconf 74' lang='lat' dir='ltr'><strong>la’ae</strong></span> 
     </span>
     <span class='ocr_line' id='line_1_3' title="bbox 267 474 1293 521; baseline 0.001 -11"><span class='ocrx_word' id='word_1_12' title='bbox 267 474 425 512; x_wconf 88' lang='lat' dir='ltr'><strong>Incidit.</strong></span> <span class='ocrx_word' id='word_1_13' title='bbox 479 475 556 511; x_wconf 91' lang='lat' dir='ltr'><strong>Ast</strong></span> <span class='ocrx_word' id='word_1_14' title='bbox 574 476 642 511; x_wconf 90' lang='lat' dir='ltr'><strong>alii</strong></span> <span class='ocrx_word' id='word_1_15' title='bbox 659 475 824 511; x_wconf 87' lang='lat' dir='ltr'><strong>subeunt</strong></span> <span class='ocrx_word' id='word_1_16' title='bbox 839 488 848 521; x_wconf 88' lang='lat'>;</span> <span class='ocrx_word' id='word_1_17' title='bbox 877 487 946 510; x_wconf 90' lang='lat' dir='ltr'><strong>nec</strong></span> <span class='ocrx_word' id='word_1_18' title='bbox 965 487 1062 511; x_wconf 84' lang='lat' dir='ltr'><strong>saxa</strong></span> <span class='ocrx_word' id='word_1_19' title='bbox 1079 487 1149 510; x_wconf 91' lang='lat' dir='ltr'><strong>nec</strong></span> <span class='ocrx_word' id='word_1_20' title='bbox 1167 475 1293 511; x_wconf 90' lang='lat' dir='ltr'><strong>ullum</strong></span> 
     </span>
     <span class='ocr_line' id='line_1_4' title="bbox 266 535 908 580; baseline 0 -8"><span class='ocrx_word' id='word_1_21' title='bbox 266 535 448 572; x_wconf 81' lang='lat' dir='ltr'><strong>Telorum</strong></span> <span class='ocrx_word' id='word_1_22' title='bbox 464 537 613 572; x_wconf 85' lang='lat' dir='ltr'><strong>interea</strong></span> <span class='ocrx_word' id='word_1_23' title='bbox 629 540 757 572; x_wconf 87' lang='lat' dir='ltr'><strong>cessat</strong></span> <span class='ocrx_word' id='word_1_24' title='bbox 775 548 908 580; x_wconf 88' lang='lat' dir='ltr'><strong>genus.</strong></span> 
     </span>
    </p>

    <p class='ocr_par' dir='ltr' id='par_1_3' title="bbox 268 595 1534 825">
     <span class='ocr_line' id='line_1_5' title="bbox 317 595 1436 641; baseline 0.002 -9"><span class='ocrx_word' id='word_1_25' title='bbox 317 596 563 633; x_wconf 75' lang='lat' dir='ltr'><strong>Vestibulum</strong></span> <span class='ocrx_word' id='word_1_26' title='bbox 581 601 672 632; x_wconf 81' lang='lat' dir='ltr'><strong>ante</strong></span> <span class='ocrx_word' id='word_1_27' title='bbox 688 598 817 641; x_wconf 89' lang='lat' dir='ltr'><strong>ipsum</strong></span> <span class='ocrx_word' id='word_1_28' title='bbox 833 598 1032 641; x_wconf 84' lang='lat' dir='ltr'><strong>primoque</strong></span> <span class='ocrx_word' id='word_1_29' title='bbox 1049 598 1091 631; x_wconf 85' lang='lat' dir='ltr'><strong>in</strong></span> <span class='ocrx_word' id='word_1_30' title='bbox 1107 596 1241 632; x_wconf 84' lang='lat' dir='ltr'><strong>limine</strong></span> <span class='ocrx_word' id='word_1_31' title='bbox 1256 595 1436 640; x_wconf 79' lang='lat' dir='ltr'>Pyrrhus</span> 
     </span>
     <span class='ocr_line' id='line_1_6' title="bbox 268 652 1534 705; baseline 0 -11"><span class='ocrx_word' id='word_1_32' title='bbox 268 654 443 703; x_wconf 75' lang='lat' dir='ltr'><strong>Exultat,</strong></span> <span class='ocrx_word' id='word_1_33' title='bbox 466 652 556 694; x_wconf 80' lang='lat' dir='ltr'><strong>telis</strong></span> <span class='ocrx_word' id='word_1_34' title='bbox 572 656 611 693; x_wconf 83' lang='lat' dir='ltr'><strong>et</strong></span> <span class='ocrx_word' id='word_1_35' title='bbox 628 657 714 693; x_wconf 89' lang='lat' dir='ltr'><strong>luce</strong></span> <span class='ocrx_word' id='word_1_36' title='bbox 729 652 914 694; x_wconf 79' lang='lat' dir='ltr'><strong>coruscus</strong></span> <span class='ocrx_word' id='word_1_37' title='bbox 932 657 1032 693; x_wconf 70' lang='lat' dir='ltr'><strong>aena</strong></span> <span class='ocrx_word' id='word_1_38' title='bbox 1048 670 1057 705; x_wconf 90' lang='lat'><strong>;</strong></span> <span class='ocrx_word' id='word_1_39' title='bbox 1457 657 1534 694; x_wconf 80' lang='lat'><strong>470</strong></span> 
     </span>
     <span class='ocr_line' id='line_1_7' title="bbox 269 718 1363 765; baseline 0.001 -12"><span class='ocrx_word' id='word_1_40' title='bbox 269 719 405 763; x_wconf 85' lang='lat' dir='ltr'><strong>Qualis</strong></span> <span class='ocrx_word' id='word_1_41' title='bbox 420 718 491 754; x_wconf 85' lang='lat' dir='ltr'><strong>ubi</strong></span> <span class='ocrx_word' id='word_1_42' title='bbox 505 720 548 754; x_wconf 89' lang='lat' dir='ltr'><strong>in</strong></span> <span class='ocrx_word' id='word_1_43' title='bbox 558 718 690 754; x_wconf 81' lang='lat' dir='ltr'><strong>lucem</strong></span> <span class='ocrx_word' id='word_1_44' title='bbox 707 718 870 765; x_wconf 89' lang='lat' dir='ltr'><strong>coluber,</strong></span> <span class='ocrx_word' id='word_1_45' title='bbox 893 718 1198 765; x_wconf 61' lang='lat' dir='ltr'><strong>malaggramina</strong></span> <span class='ocrx_word' id='word_1_46' title='bbox 1214 723 1363 765; x_wconf 87' lang='lat' dir='ltr'><strong>pastus,</strong></span> 
     </span>
     <span class='ocr_line' id='line_1_8' title="bbox 268 767 1323 825; baseline 0 -10"><span class='ocrx_word' id='word_1_47' title='bbox 268 779 430 825; x_wconf 86' lang='lat' dir='ltr'><strong>Frigida</strong></span> <span class='ocrx_word' id='word_1_48' title='bbox 447 779 519 816; x_wconf 92' lang='lat' dir='ltr'><strong>sub</strong></span> <span class='ocrx_word' id='word_1_49' title='bbox 536 784 640 815; x_wconf 87' lang='lat' dir='ltr'><strong>terra</strong></span> <span class='ocrx_word' id='word_1_50' title='bbox 657 779 854 815; x_wconf 89' lang='lat' dir='ltr'><strong>tumidum</strong></span> <span class='ocrx_word' id='word_1_51' title='bbox 870 792 982 825; x_wconf 88' lang='lat' dir='ltr'><strong>quem</strong></span> <span class='ocrx_word' id='word_1_52' title='bbox 999 767 1139 815; x_wconf 89' lang='lat' dir='ltr'><strong>bruma</strong></span> <span class='ocrx_word' id='word_1_53' title='bbox 1156 779 1323 824; x_wconf 84' lang='lat' dir='ltr'><strong>tegebat,</strong></span> 
     </span>
    </p>

    <p class='ocr_par' dir='ltr' id='par_1_4' title="bbox 268 840 1282 886">
     <span class='ocr_line' id='line_1_9' title="bbox 268 840 1282 886; baseline 0 -10"><span class='ocrx_word' id='word_1_54' title='bbox 268 842 381 876; x_wconf 88' lang='lat' dir='ltr'><strong>Nunc</strong></span> <span class='ocrx_word' id='word_1_55' title='bbox 398 843 536 886; x_wconf 88' lang='lat' dir='ltr'><strong>positis</strong></span> <span class='ocrx_word' id='word_1_56' title='bbox 553 853 680 877; x_wconf 84' lang='lat' dir='ltr'><strong>novus</strong></span> <span class='ocrx_word' id='word_1_57' title='bbox 696 842 850 876; x_wconf 84' lang='lat' dir='ltr'><strong>exuviis</strong></span> <span class='ocrx_word' id='word_1_58' title='bbox 866 840 1090 885; x_wconf 81' lang='lat' dir='ltr'><strong>nitidusque</strong></span> <span class='ocrx_word' id='word_1_59' title='bbox 1107 840 1282 885; x_wconf 84' lang='lat' dir='ltr'><strong>juventa,</strong></span> 
     </span>
    </p>

    <p class='ocr_par' dir='ltr' id='par_1_5' title="bbox 268 901 1135 946">
     <span class='ocr_line' id='line_1_10' title="bbox 268 901 1135 946; baseline 0.001 -9"><span class='ocrx_word' id='word_1_60' title='bbox 268 901 436 938; x_wconf 82' lang='lat' dir='ltr'>Lubrica</span> <span class='ocrx_word' id='word_1_61' title='bbox 453 902 654 937; x_wconf 89' lang='lat' dir='ltr'><strong>convolvit</strong></span> <span class='ocrx_word' id='word_1_62' title='bbox 671 901 826 937; x_wconf 89' lang='lat' dir='ltr'><strong>sublato</strong></span> <span class='ocrx_word' id='word_1_63' title='bbox 843 907 995 946; x_wconf 75' lang='lat' dir='ltr'>pectore</span> <span class='ocrx_word' id='word_1_64' title='bbox 1012 906 1135 946; x_wconf 87' lang='lat' dir='ltr'><strong>terga,</strong></span> 
     </span>
    </p>

    <p class='ocr_par' dir='ltr' id='par_1_6' title="bbox 268 960 1536 1008">
     <span class='ocr_line' id='line_1_11' title="bbox 268 960 1536 1008; baseline 0 -10"><span class='ocrx_word' id='word_1_65' title='bbox 268 962 427 999; x_wconf 83' lang='lat' dir='ltr'>Arduus</span> <span class='ocrx_word' id='word_1_66' title='bbox 444 962 495 998; x_wconf 86' lang='lat' dir='ltr'><strong>ad</strong></span> <span class='ocrx_word' id='word_1_67' title='bbox 513 963 642 1008; x_wconf 85' lang='lat' dir='ltr'><strong>solem,</strong></span> <span class='ocrx_word' id='word_1_68' title='bbox 664 966 704 998; x_wconf 88' lang='lat' dir='ltr'><strong>et</strong></span> <span class='ocrx_word' id='word_1_69' title='bbox 720 962 869 1006; x_wconf 86' lang='lat' dir='ltr'><strong>linguis</strong></span> <span class='ocrx_word' id='word_1_70' title='bbox 886 964 1007 998; x_wconf 89' lang='lat' dir='ltr'><strong>micat</strong></span> <span class='ocrx_word' id='word_1_71' title='bbox 1023 975 1088 998; x_wconf 91' lang='lat' dir='ltr'><strong>ore</strong></span> <span class='ocrx_word' id='word_1_72' title='bbox 1104 963 1288 999; x_wconf 74' lang='lat' dir='ltr'><strong>trisulcis.</strong></span> <span class='ocrx_word' id='word_1_73' title='bbox 1459 960 1536 998; x_wconf 80' lang='lat'><strong>475</strong></span> 
     </span>
    </p>

    <p class='ocr_par' dir='ltr' id='par_1_7' title="bbox 269 1023 1370 1069">
     <span class='ocr_line' id='line_1_12' title="bbox 269 1023 1370 1069; baseline -0.002 -9"><span class='ocrx_word' id='word_1_74' title='bbox 269 1025 361 1061; x_wconf 88' lang='lat' dir='ltr'><strong>Una</strong></span> <span class='ocrx_word' id='word_1_75' title='bbox 377 1025 514 1068; x_wconf 86' lang='lat' dir='ltr'><strong>ingens</strong></span> <span class='ocrx_word' id='word_1_76' title='bbox 533 1023 732 1069; x_wconf 81' lang='lat' dir='ltr'><strong>Periphas,</strong></span> <span class='ocrx_word' id='word_1_77' title='bbox 755 1027 794 1059; x_wconf 87' lang='lat' dir='ltr'><strong>et</strong></span> <span class='ocrx_word' id='word_1_78' title='bbox 810 1035 996 1068; x_wconf 88' lang='lat' dir='ltr'><strong>equorum</strong></span> <span class='ocrx_word' id='word_1_79' title='bbox 1013 1025 1186 1068; x_wconf 89' lang='lat' dir='ltr'><strong>agitator</strong></span> <span class='ocrx_word' id='word_1_80' title='bbox 1202 1023 1370 1059; x_wconf 84' lang='lat' dir='ltr'><strong>Achillis</strong></span> 
     </span>
    </p>

    <p class='ocr_par' dir='ltr' id='par_1_8' title="bbox 269 1084 1259 1130">
     <span class='ocr_line' id='line_1_13' title="bbox 269 1084 1259 1130; baseline -0.001 -9"><span class='ocrx_word' id='word_1_81' title='bbox 269 1087 448 1129; x_wconf 76' lang='lat' dir='ltr'><strong>Armiger</strong></span> <span class='ocrx_word' id='word_1_82' title='bbox 465 1084 721 1130; x_wconf 84' lang='lat' dir='ltr'><strong>Automedon,</strong></span> <span class='ocrx_word' id='word_1_83' title='bbox 744 1098 825 1120; x_wconf 91' lang='lat' dir='ltr'><strong>una</strong></span> <span class='ocrx_word' id='word_1_84' title='bbox 842 1087 970 1121; x_wconf 87' lang='lat' dir='ltr'><strong>omnis</strong></span> <span class='ocrx_word' id='word_1_85' title='bbox 988 1085 1124 1128; x_wconf 79' lang='lat' dir='ltr'><strong>Scyria</strong></span> <span class='ocrx_word' id='word_1_86' title='bbox 1139 1084 1259 1129; x_wconf 86' lang='lat' dir='ltr'><strong>pubes</strong></span> 
     </span>
    </p>

    <p class='ocr_par' dir='ltr' id='par_1_9' title="bbox 269 1145 1313 1192">
     <span class='ocr_line' id='line_1_14' title="bbox 269 1145 1313 1192; baseline -0.001 -10"><span class='ocrx_word' id='word_1_87' title='bbox 269 1146 486 1183; x_wconf 82' lang='lat' dir='ltr'><strong>Succedunt</strong></span> <span class='ocrx_word' id='word_1_88' title='bbox 503 1151 616 1192; x_wconf 81' lang='lat' dir='ltr'><strong>tecto,</strong></span> <span class='ocrx_word' id='word_1_89' title='bbox 639 1150 678 1182; x_wconf 90' lang='lat' dir='ltr'><strong>et</strong></span> <span class='ocrx_word' id='word_1_90' title='bbox 694 1145 876 1182; x_wconf 86' lang='lat' dir='ltr'><strong>flammas</strong></span> <span class='ocrx_word' id='word_1_91' title='bbox 894 1145 946 1182; x_wconf 89' lang='lat' dir='ltr'><strong>ad</strong></span> <span class='ocrx_word' id='word_1_92' title='bbox 963 1146 1135 1181; x_wconf 87' lang='lat' dir='ltr'><strong>culmina</strong></span> <span class='ocrx_word' id='word_1_93' title='bbox 1152 1145 1313 1190; x_wconf 86' lang='lat' dir='ltr'><strong>jactant.</strong></span> 
     </span>
    </p>

    <p class='ocr_par' dir='ltr' id='par_1_10' title="bbox 269 1206 1124 1252">
     <span class='ocr_line' id='line_1_15' title="bbox 269 1206 1124 1252; baseline -0.002 -9"><span class='ocrx_word' id='word_1_94' title='bbox 269 1208 357 1252; x_wconf 86' lang='lat' dir='ltr'><strong>Ipse</strong></span> <span class='ocrx_word' id='word_1_95' title='bbox 373 1208 475 1242; x_wconf 84' lang='lat' dir='ltr'><strong>inter</strong></span> <span class='ocrx_word' id='word_1_96' title='bbox 491 1209 638 1251; x_wconf 90' lang='lat' dir='ltr'><strong>primos</strong></span> <span class='ocrx_word' id='word_1_97' title='bbox 655 1211 831 1251; x_wconf 86' lang='lat' dir='ltr'><strong>correpta</strong></span> <span class='ocrx_word' id='word_1_98' title='bbox 848 1206 948 1242; x_wconf 88' lang='lat' dir='ltr'><strong>dura</strong></span> <span class='ocrx_word' id='word_1_99' title='bbox 965 1206 1124 1251; x_wconf 84' lang='lat' dir='ltr'><strong>bipenni</strong></span> 
     </span>
    </p>

    <p class='ocr_par' dir='ltr' id='par_1_11' title="bbox 269 1266 1538 1314">
     <span class='ocr_line' id='line_1_16' title="bbox 269 1266 1538 1314; baseline -0.002 -10"><span class='ocrx_word' id='word_1_100' title='bbox 269 1269 426 1304; x_wconf 89' lang='lat' dir='ltr'><strong>Limina</strong></span> <span class='ocrx_word' id='word_1_101' title='bbox 442 1270 666 1314; x_wconf 77' lang='lat' dir='ltr'><strong>perrumpit,</strong></span> <span class='ocrx_word' id='word_1_102' title='bbox 689 1273 892 1313; x_wconf 85' lang='lat' dir='ltr'><strong>postesque</strong></span> <span class='ocrx_word' id='word_1_103' title='bbox 909 1281 933 1304; x_wconf 93' lang='lat' dir='ltr'><strong>a</strong></span> <span class='ocrx_word' id='word_1_104' title='bbox 951 1267 1108 1304; x_wconf 87' lang='lat' dir='ltr'><strong>cardine</strong></span> <span class='ocrx_word' id='word_1_105' title='bbox 1124 1268 1234 1304; x_wconf 86' lang='lat' dir='ltr'><strong>vellit</strong></span> <span class='ocrx_word' id='word_1_106' title='bbox 1462 1266 1538 1302; x_wconf 87' lang='lat'><strong>480</strong></span> 
     </span>
    </p>

    <p class='ocr_par' dir='ltr' id='par_1_12' title="bbox 270 1329 1223 1376">
     <span class='ocr_line' id='line_1_17' title="bbox 270 1329 1223 1376; baseline -0.002 -10"><span class='ocrx_word' id='word_1_107' title='bbox 270 1331 434 1366; x_wconf 88' lang='lat' dir='ltr'><strong>Aeratos</strong></span> <span class='ocrx_word' id='word_1_108' title='bbox 449 1342 458 1376; x_wconf 84' lang='lat'><em>3</em></span> <span class='ocrx_word' id='word_1_109' title='bbox 486 1329 642 1374; x_wconf 86' lang='lat' dir='ltr'><strong>jamque</strong></span> <span class='ocrx_word' id='word_1_110' title='bbox 656 1331 788 1365; x_wconf 87' lang='lat' dir='ltr'><strong>excisa</strong></span> <span class='ocrx_word' id='word_1_111' title='bbox 804 1329 916 1365; x_wconf 82' lang='lat' dir='ltr'><strong>trabe</strong></span> <span class='ocrx_word' id='word_1_112' title='bbox 932 1329 1047 1365; x_wconf 89' lang='lat' dir='ltr'><strong>firma</strong></span> <span class='ocrx_word' id='word_1_113' title='bbox 1064 1332 1223 1365; x_wconf 84' lang='lat' dir='ltr'><strong>cavavit</strong></span> 
     </span>
    </p>

    <p class='ocr_par' dir='ltr' id='par_1_13' title="bbox 270 1390 1255 1437">
     <span class='ocr_line' id='line_1_18' title="bbox 270 1390 1255 1437; baseline -0.001 -10"><span class='ocrx_word' id='word_1_114' title='bbox 270 1391 436 1437; x_wconf 88' lang='lat' dir='ltr'><strong>Robora,</strong></span> <span class='ocrx_word' id='word_1_115' title='bbox 458 1394 499 1427; x_wconf 90' lang='lat' dir='ltr'><strong>et</strong></span> <span class='ocrx_word' id='word_1_116' title='bbox 515 1392 711 1435; x_wconf 87' lang='lat' dir='ltr'><strong>ingentem</strong></span> <span class='ocrx_word' id='word_1_117' title='bbox 727 1390 811 1426; x_wconf 93' lang='lat' dir='ltr'><strong>lato</strong></span> <span class='ocrx_word' id='word_1_118' title='bbox 828 1390 933 1426; x_wconf 84' lang='lat' dir='ltr'><strong>dedit</strong></span> <span class='ocrx_word' id='word_1_119' title='bbox 951 1403 1016 1426; x_wconf 88' lang='lat' dir='ltr'><strong>ore</strong></span> <span class='ocrx_word' id='word_1_120' title='bbox 1033 1391 1255 1426; x_wconf 81' lang='lat' dir='ltr'><strong>fenestram.</strong></span> 
     </span>
    </p>

    <p class='ocr_par' dir='ltr' id='par_1_14' title="bbox 270 1451 1298 1498">
     <span class='ocr_line' id='line_1_19' title="bbox 270 1451 1298 1498; baseline -0.002 -9"><span class='ocrx_word' id='word_1_121' title='bbox 270 1454 441 1498; x_wconf 87' lang='lat' dir='ltr'><strong>Apparet</strong></span> <span class='ocrx_word' id='word_1_122' title='bbox 459 1451 597 1488; x_wconf 89' lang='lat' dir='ltr'><strong>domus</strong></span> <span class='ocrx_word' id='word_1_123' title='bbox 614 1454 733 1498; x_wconf 88' lang='lat' dir='ltr'><strong>intus,</strong></span> <span class='ocrx_word' id='word_1_124' title='bbox 756 1456 795 1488; x_wconf 90' lang='lat' dir='ltr'><strong>et</strong></span> <span class='ocrx_word' id='word_1_125' title='bbox 813 1454 916 1487; x_wconf 90' lang='lat' dir='ltr'><strong>atria</strong></span> <span class='ocrx_word' id='word_1_126' title='bbox 932 1451 1053 1496; x_wconf 85' lang='lat' dir='ltr'><strong>longa</strong></span> <span class='ocrx_word' id='word_1_127' title='bbox 1069 1455 1275 1496; x_wconf 87' lang='lat' dir='ltr'><strong>patescunt</strong></span> <span class='ocrx_word' id='word_1_128' title='bbox 1289 1464 1298 1498; x_wconf 68' lang='grc' dir='ltr'><strong><em>ς</em></strong></span> 
     </span>
    </p>

    <p class='ocr_par' dir='ltr' id='par_1_15' title="bbox 270 1513 1274 1559">
     <span class='ocr_line' id='line_1_20' title="bbox 270 1513 1274 1559; baseline -0.002 -9"><span class='ocrx_word' id='word_1_129' title='bbox 270 1515 471 1559; x_wconf 87' lang='lat' dir='ltr'><strong>Apparent</strong></span> <span class='ocrx_word' id='word_1_130' title='bbox 486 1513 637 1550; x_wconf 87' lang='lat' dir='ltr'><strong>Priami</strong></span> <span class='ocrx_word' id='word_1_131' title='bbox 652 1517 692 1549; x_wconf 89' lang='lat' dir='ltr'><strong>et</strong></span> <span class='ocrx_word' id='word_1_132' title='bbox 707 1518 883 1550; x_wconf 87' lang='lat' dir='ltr'><strong>veterum</strong></span> <span class='ocrx_word' id='word_1_133' title='bbox 899 1513 1112 1558; x_wconf 89' lang='lat' dir='ltr'><strong>penetralia</strong></span> <span class='ocrx_word' id='word_1_134' title='bbox 1128 1525 1274 1558; x_wconf 84' lang='lat' dir='ltr'><strong>regum,</strong></span> 
     </span>
    </p>

    <p class='ocr_par' dir='ltr' id='par_1_16' title="bbox 270 1573 1538 1680">
     <span class='ocr_line' id='line_1_21' title="bbox 270 1573 1538 1620; baseline -0.002 -8"><span class='ocrx_word' id='word_1_135' title='bbox 270 1576 530 1620; x_wconf 86' lang='lat' dir='ltr'><strong>Armatosque</strong></span> <span class='ocrx_word' id='word_1_136' title='bbox 546 1574 681 1610; x_wconf 88' lang='lat' dir='ltr'><strong>vident</strong></span> <span class='ocrx_word' id='word_1_137' title='bbox 698 1579 849 1611; x_wconf 85' lang='lat' dir='ltr'><strong>stantes</strong></span> <span class='ocrx_word' id='word_1_138' title='bbox 866 1576 909 1610; x_wconf 89' lang='lat' dir='ltr'><strong>in</strong></span> <span class='ocrx_word' id='word_1_139' title='bbox 924 1574 1059 1610; x_wconf 89' lang='lat' dir='ltr'><strong>limine</strong></span> <span class='ocrx_word' id='word_1_140' title='bbox 1075 1576 1209 1619; x_wconf 89' lang='lat' dir='ltr'><strong>primo.</strong></span> <span class='ocrx_word' id='word_1_141' title='bbox 1464 1573 1538 1609; x_wconf 88' lang='lat'><strong>485</strong></span> 
     </span>
     <span class='ocr_line' id='line_1_22' title="bbox 304 1635 1292 1680; baseline -0.002 -8"><span class='ocrx_word' id='word_1_142' title='bbox 304 1636 376 1672; x_wconf 88' lang='lat' dir='ltr'><strong>·At</strong></span> <span class='ocrx_word' id='word_1_143' title='bbox 392 1635 531 1672; x_wconf 90' lang='lat' dir='ltr'><strong>domus</strong></span> <span class='ocrx_word' id='word_1_144' title='bbox 546 1637 708 1671; x_wconf 84' lang='lat' dir='ltr'><strong>interior</strong></span> <span class='ocrx_word' id='word_1_145' title='bbox 725 1638 872 1680; x_wconf 87' lang='lat' dir='ltr'><strong>gemitu</strong></span> <span class='ocrx_word' id='word_1_146' title='bbox 889 1638 1103 1680; x_wconf 88' lang='lat' dir='ltr'><strong>miseroque</strong></span> <span class='ocrx_word' id='word_1_147' title='bbox 1119 1635 1292 1670; x_wconf 84' lang='lat' dir='ltr'><strong>tumultu</strong></span> 
     </span>
    </p>

    <p class='ocr_par' dir='ltr' id='par_1_17' title="bbox 272 1695 1256 1743">
     <span class='ocr_line' id='line_1_23' title="bbox 272 1695 1256 1743; baseline -0.002 -10"><span class='ocrx_word' id='word_1_148' title='bbox 272 1698 466 1743; x_wconf 88' lang='lat' dir='ltr'><strong>Miscetur,</strong></span> <span class='ocrx_word' id='word_1_149' title='bbox 490 1699 719 1742; x_wconf 85' lang='lat' dir='ltr'><strong>penitusque</strong></span> <span class='ocrx_word' id='word_1_150' title='bbox 735 1709 855 1732; x_wconf 83' lang='lat' dir='ltr'><strong>cavae</strong></span> <span class='ocrx_word' id='word_1_151' title='bbox 871 1696 1125 1741; x_wconf 84' lang='lat' dir='ltr'><strong>plangoribus</strong></span> <span class='ocrx_word' id='word_1_152' title='bbox 1143 1695 1256 1732; x_wconf 85' lang='lat' dir='ltr'><strong>aedes</strong></span> 
     </span>
    </p>

    <p class='ocr_par' dir='ltr' id='par_1_18' title="bbox 272 1757 1246 1795">
     <span class='ocr_line' id='line_1_24' title="bbox 272 1757 1246 1795; baseline -0.003 0"><span class='ocrx_word' id='word_1_153' title='bbox 272 1760 464 1795; x_wconf 85' lang='lat' dir='ltr'><strong>Femineis</strong></span> <span class='ocrx_word' id='word_1_154' title='bbox 481 1758 659 1795; x_wconf 85' lang='lat' dir='ltr'><strong>ululant:</strong></span> <span class='ocrx_word' id='word_1_155' title='bbox 690 1759 780 1794; x_wconf 86' lang='lat' dir='ltr'><strong>ferit</strong></span> <span class='ocrx_word' id='word_1_156' title='bbox 798 1770 915 1794; x_wconf 88' lang='lat' dir='ltr'><strong>aurea</strong></span> <span class='ocrx_word' id='word_1_157' title='bbox 933 1757 1061 1794; x_wconf 86' lang='lat' dir='ltr'><strong>sidera</strong></span> <span class='ocrx_word' id='word_1_158' title='bbox 1078 1758 1246 1793; x_wconf 87' lang='lat' dir='ltr'><strong>clamor.-</strong></span> 
     </span>
    </p>

    <p class='ocr_par' dir='ltr' id='par_1_19' title="bbox 272 1817 1249 1863">
     <span class='ocr_line' id='line_1_25' title="bbox 272 1817 1249 1863; baseline -0.001 -9"><span class='ocrx_word' id='word_1_159' title='bbox 272 1819 372 1854; x_wconf 79' lang='lat' dir='ltr'><strong>Tum</strong></span> <span class='ocrx_word' id='word_1_160' title='bbox 388 1817 552 1863; x_wconf 82' lang='lat' dir='ltr'><strong>pavidae</strong></span> <span class='ocrx_word' id='word_1_161' title='bbox 568 1819 683 1854; x_wconf 85' lang='lat' dir='ltr'><strong>tectis</strong></span> <span class='ocrx_word' id='word_1_162' title='bbox 700 1823 846 1854; x_wconf 89' lang='lat' dir='ltr'><strong>matres</strong></span> <span class='ocrx_word' id='word_1_163' title='bbox 862 1817 1089 1861; x_wconf 83' lang='lat' dir='ltr'><strong>ingentibus</strong></span> <span class='ocrx_word' id='word_1_164' title='bbox 1106 1821 1249 1862; x_wconf 88' lang='lat' dir='ltr'><strong>errant,</strong></span> 
     </span>
    </p>
   </div>
   <div class='ocr_carea' id='block_1_3' title="bbox 273 1862 1608 1924">
    <p class='ocr_par' dir='ltr' id='par_1_20' title="bbox 273 1862 1608 1924">
     <span class='ocr_line' id='line_1_26' title="bbox 273 1862 1608 1924; baseline -0.003 -9"><span class='ocrx_word' id='word_1_165' title='bbox 273 1879 557 1924; x_wconf 83' lang='lat' dir='ltr'><strong>Amplexaeque</strong></span> <span class='ocrx_word' id='word_1_166' title='bbox 572 1882 706 1914; x_wconf 82' lang='lat' dir='ltr'><strong>tenent</strong></span> <span class='ocrx_word' id='word_1_167' title='bbox 722 1884 862 1923; x_wconf 82' lang='lat' dir='ltr'><strong>postes,</strong></span> <span class='ocrx_word' id='word_1_168' title='bbox 887 1882 1003 1922; x_wconf 87' lang='lat' dir='ltr'><strong>atque</strong></span> <span class='ocrx_word' id='word_1_169' title='bbox 1020 1878 1155 1914; x_wconf 91' lang='lat' dir='ltr'><strong>oscula</strong></span> <span class='ocrx_word' id='word_1_170' title='bbox 1171 1878 1310 1921; x_wconf 85' lang='lat' dir='ltr'><strong>figunt.</strong></span> <span class='ocrx_word' id='word_1_171' title='bbox 1466 1876 1542 1912; x_wconf 83' lang='lat'><strong>490</strong></span> <span class='ocrx_word' id='word_1_172' title='bbox 1604 1862 1608 1867; x_wconf 40' lang='lat'>&#39;</span> 
     </span>
    </p>
   </div>
   <div class='ocr_carea' id='block_1_4' title="bbox 273 1939 1544 2350">
    <p class='ocr_par' dir='ltr' id='par_1_21' title="bbox 273 1939 1351 2037">
     <span class='ocr_line' id='line_1_27' title="bbox 273 1939 1351 1985; baseline -0.003 -8"><span class='ocrx_word' id='word_1_173' title='bbox 273 1941 405 1977; x_wconf 87' lang='lat' dir='ltr'><strong>Instat</strong></span> <span class='ocrx_word' id='word_1_174' title='bbox 420 1942 464 1977; x_wconf 87' lang='lat' dir='ltr'><strong>vi</strong></span> <span class='ocrx_word' id='word_1_175' title='bbox 479 1942 609 1985; x_wconf 87' lang='lat' dir='ltr'><strong>patria</strong></span> <span class='ocrx_word' id='word_1_176' title='bbox 626 1939 805 1984; x_wconf 89' lang='lat' dir='ltr'><strong>Pyrrhus</strong></span> <span class='ocrx_word' id='word_1_177' title='bbox 820 1952 828 1975; x_wconf 92' lang='lat'>:</span> <span class='ocrx_word' id='word_1_178' title='bbox 857 1952 927 1975; x_wconf 88' lang='lat' dir='ltr'><strong>nec</strong></span> <span class='ocrx_word' id='word_1_179' title='bbox 945 1939 1119 1975; x_wconf 87' lang='lat' dir='ltr'><strong>claustra</strong></span> <span class='ocrx_word' id='word_1_180' title='bbox 1137 1951 1259 1983; x_wconf 86' lang='lat' dir='ltr'><strong>neque</strong></span> <span class='ocrx_word' id='word_1_181' title='bbox 1274 1941 1351 1983; x_wconf 85' lang='lat' dir='ltr'><strong>ipsi</strong></span> 
     </span>
     <span class='ocr_line' id='line_1_28' title="bbox 275 1999 1236 2037; baseline -0.002 -1"><span class='ocrx_word' id='word_1_182' title='bbox 275 2000 464 2037; x_wconf 84' lang='lat' dir='ltr'><strong>Custodes</strong></span> <span class='ocrx_word' id='word_1_183' title='bbox 477 2000 636 2036; x_wconf 83' lang='lat' dir='ltr'><strong>sufferre</strong></span> <span class='ocrx_word' id='word_1_184' title='bbox 651 2000 785 2036; x_wconf 92' lang='lat' dir='ltr'><strong>valent</strong></span> <span class='ocrx_word' id='word_1_185' title='bbox 802 2012 810 2035; x_wconf 92' lang='lat'>:</span> <span class='ocrx_word' id='word_1_186' title='bbox 839 1999 950 2035; x_wconf 89' lang='lat' dir='ltr'><strong>labat</strong></span> <span class='ocrx_word' id='word_1_187' title='bbox 967 2002 1087 2035; x_wconf 88' lang='lat' dir='ltr'><strong>ariete</strong></span> <span class='ocrx_word' id='word_1_188' title='bbox 1103 1999 1236 2034; x_wconf 91' lang='lat' dir='ltr'><strong>crebro</strong></span> 
     </span>
    </p>

    <p class='ocr_par' dir='ltr' id='par_1_22' title="bbox 276 2060 1220 2107">
     <span class='ocr_line' id='line_1_29' title="bbox 276 2060 1220 2107; baseline -0.002 -10"><span class='ocrx_word' id='word_1_189' title='bbox 276 2061 303 2098; x_wconf 85' lang='lat' dir='ltr'><strong>J</strong></span> <span class='ocrx_word' id='word_1_190' title='bbox 306 2075 418 2107; x_wconf 88' lang='lat' dir='ltr'><strong>anua,</strong></span> <span class='ocrx_word' id='word_1_191' title='bbox 440 2066 479 2097; x_wconf 91' lang='lat' dir='ltr'><strong>et</strong></span> <span class='ocrx_word' id='word_1_192' title='bbox 496 2063 615 2097; x_wconf 87' lang='lat' dir='ltr'><strong>emoti</strong></span> <span class='ocrx_word' id='word_1_193' title='bbox 631 2060 888 2105; x_wconf 86' lang='lat' dir='ltr'><strong>procumbunt</strong></span> <span class='ocrx_word' id='word_1_194' title='bbox 907 2060 1064 2096; x_wconf 86' lang='lat' dir='ltr'><strong>cardine</strong></span> <span class='ocrx_word' id='word_1_195' title='bbox 1080 2065 1220 2105; x_wconf 89' lang='lat' dir='ltr'><strong>postes.</strong></span> 
     </span>
    </p>

    <p class='ocr_par' dir='ltr' id='par_1_23' title="bbox 275 2121 1339 2167">
     <span class='ocr_line' id='line_1_30' title="bbox 275 2121 1339 2167; baseline -0.003 -8"><span class='ocrx_word' id='word_1_196' title='bbox 275 2124 341 2159; x_wconf 86' lang='lat' dir='ltr'><strong>Fit</strong></span> <span class='ocrx_word' id='word_1_197' title='bbox 357 2125 424 2159; x_wconf 80' lang='lat' dir='ltr'><strong>via</strong></span> <span class='ocrx_word' id='word_1_198' title='bbox 440 2125 482 2159; x_wconf 92' lang='lat' dir='ltr'><strong>vi</strong></span> <span class='ocrx_word' id='word_1_199' title='bbox 498 2136 505 2159; x_wconf 92' lang='lat'><strong>:</strong></span> <span class='ocrx_word' id='word_1_200' title='bbox 534 2126 723 2167; x_wconf 85' lang='lat' dir='ltr'><strong>rumpunt</strong></span> <span class='ocrx_word' id='word_1_201' title='bbox 741 2123 882 2167; x_wconf 84' lang='lat' dir='ltr'><strong>aditus,</strong></span> <span class='ocrx_word' id='word_1_202' title='bbox 905 2124 1124 2167; x_wconf 86' lang='lat' dir='ltr'><strong>primosque</strong></span> <span class='ocrx_word' id='word_1_203' title='bbox 1139 2121 1339 2157; x_wconf 87' lang='lat' dir='ltr'><strong>trucidant</strong></span> 
     </span>
    </p>

    <p class='ocr_par' dir='ltr' id='par_1_24' title="bbox 275 2179 1544 2290">
     <span class='ocr_line' id='line_1_31' title="bbox 275 2179 1544 2228; baseline -0.002 -9"><span class='ocrx_word' id='word_1_204' title='bbox 275 2184 449 2220; x_wconf 81' lang='lat' dir='ltr'><strong>Immissi</strong></span> <span class='ocrx_word' id='word_1_205' title='bbox 465 2184 604 2228; x_wconf 89' lang='lat' dir='ltr'><strong>Danai,</strong></span> <span class='ocrx_word' id='word_1_206' title='bbox 627 2187 666 2218; x_wconf 90' lang='lat' dir='ltr'><strong>et</strong></span> <span class='ocrx_word' id='word_1_207' title='bbox 683 2183 762 2218; x_wconf 84' lang='lat' dir='ltr'><strong>late</strong></span> <span class='ocrx_word' id='word_1_208' title='bbox 778 2183 865 2218; x_wconf 89' lang='lat' dir='ltr'><strong>loca</strong></span> <span class='ocrx_word' id='word_1_209' title='bbox 882 2183 1007 2218; x_wconf 84' lang='lat' dir='ltr'><strong>milite</strong></span> <span class='ocrx_word' id='word_1_210' title='bbox 1023 2182 1226 2226; x_wconf 90' lang='lat' dir='ltr'><strong>complent.</strong></span> <span class='ocrx_word' id='word_1_211' title='bbox 1468 2179 1544 2216; x_wconf 84' lang='lat'><strong>495</strong></span> 
     </span>
     <span class='ocr_line' id='line_1_32' title="bbox 276 2244 1275 2290; baseline -0.001 -9"><span class='ocrx_word' id='word_1_212' title='bbox 276 2246 366 2281; x_wconf 91' lang='lat' dir='ltr'><strong>Non</strong></span> <span class='ocrx_word' id='word_1_213' title='bbox 382 2247 448 2290; x_wconf 88' lang='lat' dir='ltr'><strong>sic,</strong></span> <span class='ocrx_word' id='word_1_214' title='bbox 472 2244 680 2289; x_wconf 85' lang='lat' dir='ltr'><strong>aggeribus</strong></span> <span class='ocrx_word' id='word_1_215' title='bbox 696 2246 824 2288; x_wconf 87' lang='lat' dir='ltr'><strong>ruptis</strong></span> <span class='ocrx_word' id='word_1_216' title='bbox 842 2255 932 2278; x_wconf 88' lang='lat' dir='ltr'><strong>cum</strong></span> <span class='ocrx_word' id='word_1_217' title='bbox 949 2255 1129 2287; x_wconf 88' lang='lat' dir='ltr'><strong>spumeus</strong></span> <span class='ocrx_word' id='word_1_218' title='bbox 1146 2245 1275 2280; x_wconf 74' lang='lat' dir='ltr'><strong>amnis</strong></span> 
     </span>
    </p>

    <p class='ocr_par' dir='ltr' id='par_1_25' title="bbox 275 2303 1128 2350">
     <span class='ocr_line' id='line_1_33' title="bbox 275 2303 1128 2350; baseline -0.004 -9"><span class='ocrx_word' id='word_1_219' title='bbox 275 2305 387 2341; x_wconf 82' lang='lat' dir='ltr'><strong>Exiit</strong></span> <span class='ocrx_word' id='word_1_220' title='bbox 404 2306 676 2350; x_wconf 87' lang='lat' dir='ltr'><strong>oppositasque</strong></span> <span class='ocrx_word' id='word_1_221' title='bbox 691 2305 809 2341; x_wconf 85' lang='lat' dir='ltr'><strong>evicit</strong></span> <span class='ocrx_word' id='word_1_222' title='bbox 825 2304 983 2347; x_wconf 83' lang='lat' dir='ltr'><strong>gurgite</strong></span> <span class='ocrx_word' id='word_1_223' title='bbox 998 2303 1128 2347; x_wconf 87' lang='lat' dir='ltr'><strong>moles,</strong></span> 
     </span>
    </p>
   </div>
  </div>
 </body>
</html>
