1670 2688
593 279 793 306 AENEIDOS
824 279 898 306 LIB.
934 279 974 306 11.

150 362 332 408 Suspensi
349 363 595 408 Eurypylum
612 365 819 400 scitantem
836 363 993 400 oracula
1011 363 1157 400 Phoebi

150 424 344 460 Mittimus
358 436 367 471 ;
395 426 503 470 isque
519 425 651 470 adytis
668 425 764 461 haec
781 427 913 462 tristia
930 424 1036 461 dicta
1052 430 1247 470 reportat:

157 485 389 530 “Sanguine
403 485 592 530 placastis
608 490 746 523 ventos
762 490 802 523 et
818 487 971 532 virgine
986 497 1109 532 caesa,

149 546 249 582 Cum
265 548 435 591 primum
451 546 605 593 lffiacas,
627 547 766 594 Danai,
788 548 953 584 venistis
969 546 1021 583 ad
1037 559 1148 584 oras:

149 606 346 651 Sanguine
361 605 568 652 quaerendi
583 606 742 653 reditus,
764 609 970 653 animaque
985 607 1180 644 litandum

149 669 370 713 Argolica.”
421 668 541 714 Vulgi
556 681 655 715 quae
669 681 749 706 vox
764 673 812 706 ut
828 671 937 707 venit
954 668 1005 706 ad
1022 682 1146 716 aures,

149 730 375 775 Obstipuere
392 732 525 775 animi,
547 729 770 776 gelidusque
785 742 853 777 per
869 732 950 767 ima
966 733 1137 766 cucurrit

149 791 248 827 Ossa
264 795 419 837 tremor,
442 792 506 826 cui
522 791 608 827 iata
624 796 772 838 parent,
795 803 909 838 quem
925 796 1062 838 poscat
1078 791 1228 836 Apollo.

148 851 225 886 Hic
241 851 404 888 Ithacus
420 856 553 889 vatem
568 864 713 897 magno
729 852 950 890 Calchanta
965 853 1138 888 tumultu

148 913 351 949 Protrahit
367 914 410 948 in
426 912 572 950 medios
586 925 596 960 ;
623 925 722 959 quae
738 916 820 950 sint
835 926 882 950 ea
899 916 1062 950 numina
1079 914 1224 949 Divum

148 973 333 1019 Flagitat.
388 973 442 1010 Et
458 974 559 1010 mihi
574 974 656 1018 jam
671 975 787 1010 multi
803 975 955 1011 crudele
972 975 1162 1010 canebant

148 1034 321 1071 Artificis
338 1034 473 1080 scelus,
495 1039 534 1070 et
551 1037 664 1070 taciti
679 1040 846 1072 ventura
862 1035 1056 1072 videbant.

147 1095 216 1130 Bis
233 1097 371 1139 quinos
389 1095 476 1131 silet
493 1095 558 1130 ille
575 1094 666 1141 dies,
688 1100 888 1140 tectusque
903 1100 1057 1131 recusat

146 1153 312 1190 Prodere
327 1166 422 1200 voce
437 1166 510 1190 sua
527 1166 766 1200 quemquam,
789 1159 858 1190 aut
875 1166 1062 1199 opponere
1078 1157 1205 1192 morti.

148 1214 224 1250 Vix
241 1213 411 1259 tandem,
431 1216 588 1258 magnis
603 1213 735 1249 Ithaci
751 1213 986 1251 clamoribus
1004 1221 1126 1260 actus,

148 1275 370 1319 Composito
384 1276 533 1320 rumpit
547 1286 693 1321 vocem,
714 1278 755 1311 et
770 1287 833 1312 me
848 1274 1021 1312 destinat
1037 1287 1138 1312 arae.

147 1336 355 1372 Assensere
369 1346 526 1382 omnes3
551 1339 603 1382 et,
625 1346 725 1382 quae
738 1335 816 1373 sibi
831 1339 990 1383 quisque
1007 1337 1180 1383 timebat,

146 1397 275 1433 Unius
290 1398 334 1432 in
350 1397 482 1433 miseri
495 1398 659 1433 exitium
674 1408 862 1434 conversa
877 1397 1009 1434 tulere.

146 1456 312 1502 Jamque
328 1455 411 1493 dies
425 1456 592 1493 infanda
607 1456 743 1493 aderat
756 1469 766 1505 3
793 1457 893 1493 mihi
909 1470 1023 1494 sacra
1038 1460 1181 1506 parari,

146 1518 199 1553 Et
216 1517 344 1554 salsae
359 1518 502 1564 fruges,
523 1523 564 1554 et
579 1519 727 1554 circum
742 1522 917 1564 tempora
933 1521 1068 1556 vittae.

145 1578 282 1623 Eripui
301 1578 456 1625 (fateor)
474 1578 553 1615 leto
568 1590 639 1625 me,
660 1581 701 1615 et
717 1579 876 1616 vincula
891 1581 980 1625 rupi
999 1591 1009 1627 3

146 1639 375 1685 Limosoque
389 1639 478 1676 lacu
493 1651 562 1685 per
576 1643 730 1677 noctem
745 1639 933 1678 obscurus
950 1643 992 1677 in
1007 1641 1102 1678 ulva

145 1700 298 1746 Dehtui,
321 1699 415 1736 dum
430 1700 519 1738 vela
534 1700 683 1748 darent,
705 1702 742 1739 si
758 1701 860 1738 forte
875 1701 1082 1739 dedissent.

145 1761 223 1797 Nec
240 1761 339 1797 mihi
355 1762 436 1806 jam
452 1764 622 1807 patriam
637 1764 842 1808 antiquam
858 1776 945 1808 spes
961 1764 1044 1799 ulla
1060 1763 1218 1801 videndi

145 1822 223 1858 Nec
241 1821 371 1858 dulces
388 1827 505 1859 natos
520 1826 822 1870 exoptatumque
836 1828 1035 1870 parentem
1049 1836 1058 1870 ;

145 1882 250 1926 Quos
267 1883 326 1919 illi
343 1883 425 1919 fors
441 1888 480 1919 et
496 1895 642 1929 poenas
657 1883 708 1920 ob
723 1888 861 1921 nostra
877 1889 1077 1930 reposcent

144 1943 310 1990 Effugia,
332 1947 372 1980 et
388 1944 544 1989 culpam
559 1944 663 1980 hanc
679 1946 908 1983 miserorum
924 1950 1049 1982 morte
1065 1946 1239 1991 piabunt.

144 2003 256 2048 Quod.
271 2009 320 2050 te,
343 2017 411 2050 per
427 2018 585 2050 superos
602 2011 641 2041 et
658 2008 815 2042 conscia
831 2009 995 2043 numina
1011 2009 1105 2051 veri⁷

142 2065 227 2111 Per,
251 2067 286 2102 si
302 2078 379 2111 qua
394 2070 467 2110 est,
488 2078 586 2111 quae
601 2070 720 2102 restet
737 2067 866 2102 adhuc
882 2067 1114 2104 mortalibus
1130 2080 1297 2113 usquam

141 2125 380 2162 Intemerata
395 2126 502 2173 fides,
524 2139 603 2173 oro,
625 2129 805 2164 miserere
820 2127 1000 2164 laborum

139 2185 367 2233 Tantorum,
390 2189 570 2224 miserere
586 2189 710 2223 animi
726 2200 807 2224 non
823 2188 945 2233 digna
962 2189 1150 2226 ferentis.'

1362 268 1412 307 25

1340 425 1413 461 115

1339 730 1413 767 120

1339 1035 1413 1071 125

1332 1333 1408 1369 130

1338 1641 1413 1676 135

1338 1949 1413 1985 140

189 2244 270 2284 His
283 2246 458 2285 lacrimis
474 2249 601 2285 vitam
617 2247 769 2294 damus,
790 2252 831 2285 et
847 2251 1130 2287 miserescimus
1146 2250 1263 2288 ultro.
1336 2217 1392 2291 14⁹
1388 2257 1410 2292 5
