<?xml version="1.0" encoding="UTF-8"?>
<!DOCTYPE html PUBLIC "-//W3C//DTD XHTML 1.0 Transitional//EN"
    "http://www.w3.org/TR/xhtml1/DTD/xhtml1-transitional.dtd">
<html xmlns="http://www.w3.org/1999/xhtml" xml:lang="en" lang="en">
 <head>
  <title>
</title>
<meta http-equiv="Content-Type" content="text/html;charset=utf-8" />
  <meta name='ocr-system' content='tesseract 3.04.00' />
  <meta name='ocr-capabilities' content='ocr_page ocr_carea ocr_par ocr_line ocrx_word'/>
</head>
<body>
  <div class='ocr_page' id='page_1' title='image "aeneidbookii150500virg_0032.png"; bbox 0 0 1670 2688; ppageno 0'>
   <div class='ocr_carea' id='block_1_1' title="bbox 251 261 1119 298">
    <p class='ocr_par' dir='ltr' id='par_1_1' title="bbox 251 261 1119 298">
     <span class='ocr_line' id='line_1_1' title="bbox 251 261 1119 298; baseline 0 -5"><span class='ocrx_word' id='word_1_1' title='bbox 251 261 299 298; x_wconf 82' lang='grc'>28</span> <span class='ocrx_word' id='word_1_2' title='bbox 621 266 954 294; x_wconf 83' lang='lat' dir='ltr'>MATRICULATION</span> <span class='ocrx_word' id='word_1_3' title='bbox 989 266 1119 294; x_wconf 83' lang='lat' dir='ltr'>LATIN.</span> 
     </span>
    </p>
   </div>
   <div class='ocr_carea' id='block_1_2' title="bbox 237 340 1330 2095">
    <p class='ocr_par' dir='ltr' id='par_1_2' title="bbox 237 340 1330 1783">
     <span class='ocr_line' id='line_1_2' title="bbox 237 340 1193 392; baseline 0.002 -13"><span class='ocrx_word' id='word_1_4' title='bbox 237 340 502 388; x_wconf 78' lang='lat' dir='ltr'>Ardentesque</span> <span class='ocrx_word' id='word_1_5' title='bbox 518 342 650 379; x_wconf 88' lang='lat' dir='ltr'>oculos</span> <span class='ocrx_word' id='word_1_6' title='bbox 669 343 820 380; x_wconf 80' lang='lat' dir='ltr'>suffecti</span> <span class='ocrx_word' id='word_1_7' title='bbox 837 345 1029 389; x_wconf 81' lang='lat' dir='ltr'>sanguine</span> <span class='ocrx_word' id='word_1_8' title='bbox 1042 347 1083 381; x_wconf 81' lang='lat' dir='ltr'>et</span> <span class='ocrx_word' id='word_1_9' title='bbox 1098 345 1193 392; x_wconf 87' lang='lat' dir='ltr'>igni,</span> 
     </span>
     <span class='ocr_line' id='line_1_3' title="bbox 238 405 1127 450; baseline 0.002 -9"><span class='ocrx_word' id='word_1_10' title='bbox 238 405 359 441; x_wconf 90' lang='lat' dir='ltr'>Sibila</span> <span class='ocrx_word' id='word_1_11' title='bbox 375 405 600 441; x_wconf 75' lang='lat' dir='ltr'>lambebant</span> <span class='ocrx_word' id='word_1_12' title='bbox 618 405 765 450; x_wconf 88' lang='lat' dir='ltr'>linguis</span> <span class='ocrx_word' id='word_1_13' title='bbox 781 406 1030 443; x_wconf 83' lang='lat' dir='ltr'>vibrantibus</span> <span class='ocrx_word' id='word_1_14' title='bbox 1047 419 1127 444; x_wconf 82' lang='lat' dir='ltr'>ora.</span> 
     </span>
     <span class='ocr_line' id='line_1_4' title="bbox 238 465 1241 513; baseline 0.004 -12"><span class='ocrx_word' id='word_1_15' title='bbox 238 465 473 511; x_wconf 83' lang='lat' dir='ltr'>Diffugimus</span> <span class='ocrx_word' id='word_1_16' title='bbox 490 468 581 503; x_wconf 86' lang='lat' dir='ltr'>visu</span> <span class='ocrx_word' id='word_1_17' title='bbox 597 479 827 512; x_wconf 84' lang='lat' dir='ltr'>exsangues.</span> <span class='ocrx_word' id='word_1_18' title='bbox 881 467 947 503; x_wconf 88' lang='lat' dir='ltr'>Illi</span> <span class='ocrx_word' id='word_1_19' title='bbox 964 469 1120 513; x_wconf 81' lang='lat' dir='ltr'>agmine</span> <span class='ocrx_word' id='word_1_20' title='bbox 1136 471 1241 505; x_wconf 86' lang='lat' dir='ltr'>certo</span> 
     </span>
     <span class='ocr_line' id='line_1_5' title="bbox 237 526 1217 574; baseline 0.003 -12"><span class='ocrx_word' id='word_1_21' title='bbox 237 526 462 563; x_wconf 85' lang='lat' dir='ltr'>Laocoonta</span> <span class='ocrx_word' id='word_1_22' title='bbox 477 532 639 572; x_wconf 85' lang='lat' dir='ltr'>petunt:</span> <span class='ocrx_word' id='word_1_23' title='bbox 667 532 707 564; x_wconf 89' lang='lat' dir='ltr'>et</span> <span class='ocrx_word' id='word_1_24' title='bbox 724 530 894 573; x_wconf 88' lang='lat' dir='ltr'>primum</span> <span class='ocrx_word' id='word_1_25' title='bbox 910 541 1034 574; x_wconf 86' lang='lat' dir='ltr'>parva</span> <span class='ocrx_word' id='word_1_26' title='bbox 1051 528 1217 565; x_wconf 83' lang='lat' dir='ltr'>duorum</span> 
     </span>
     <span class='ocr_line' id='line_1_6' title="bbox 239 587 1179 635; baseline 0.002 -11"><span class='ocrx_word' id='word_1_27' title='bbox 239 587 409 632; x_wconf 75' lang='lat' dir='ltr'>Corpora</span> <span class='ocrx_word' id='word_1_28' title='bbox 426 592 610 624; x_wconf 87' lang='lat' dir='ltr'>natorum</span> <span class='ocrx_word' id='word_1_29' title='bbox 628 601 783 634; x_wconf 85' lang='lat' dir='ltr'>serpens</span> <span class='ocrx_word' id='word_1_30' title='bbox 801 590 1002 634; x_wconf 88' lang='lat' dir='ltr'>amplexus</span> <span class='ocrx_word' id='word_1_31' title='bbox 1019 594 1179 635; x_wconf 87' lang='lat' dir='ltr'>uterque</span> 
     </span>
     <span class='ocr_line' id='line_1_7' title="bbox 238 647 1196 696; baseline 0.005 -13"><span class='ocrx_word' id='word_1_32' title='bbox 238 647 428 695; x_wconf 83' lang='lat' dir='ltr'>Implicat‚</span> <span class='ocrx_word' id='word_1_33' title='bbox 451 654 490 685; x_wconf 89' lang='lat' dir='ltr'>et</span> <span class='ocrx_word' id='word_1_34' title='bbox 507 652 669 686; x_wconf 86' lang='lat' dir='ltr'>miseros</span> <span class='ocrx_word' id='word_1_35' title='bbox 685 662 820 687; x_wconf 89' lang='lat' dir='ltr'>morsu</span> <span class='ocrx_word' id='word_1_36' title='bbox 837 650 1058 696; x_wconf 85' lang='lat' dir='ltr'>depascitur</span> <span class='ocrx_word' id='word_1_37' title='bbox 1075 655 1196 688; x_wconf 86' lang='lat' dir='ltr'>artus.</span> 
     </span>
     <span class='ocr_line' id='line_1_8' title="bbox 238 709 1251 755; baseline 0.002 -9"><span class='ocrx_word' id='word_1_38' title='bbox 238 709 334 746; x_wconf 88' lang='lat' dir='ltr'>Post</span> <span class='ocrx_word' id='word_1_39' title='bbox 351 712 481 755; x_wconf 87' lang='lat' dir='ltr'>ipsum</span> <span class='ocrx_word' id='word_1_40' title='bbox 498 711 645 747; x_wconf 88' lang='lat' dir='ltr'>auxilio</span> <span class='ocrx_word' id='word_1_41' title='bbox 663 711 890 749; x_wconf 81' lang='lat' dir='ltr'>subeuntem</span> <span class='ocrx_word' id='word_1_42' title='bbox 908 725 954 748; x_wconf 87' lang='lat' dir='ltr'>ac</span> <span class='ocrx_word' id='word_1_43' title='bbox 970 712 1048 748; x_wconf 89' lang='lat' dir='ltr'>tela</span> <span class='ocrx_word' id='word_1_44' title='bbox 1066 713 1251 748; x_wconf 85' lang='lat' dir='ltr'>ferentem</span> 
     </span>
     <span class='ocr_line' id='line_1_9' title="bbox 239 770 1252 818; baseline 0.002 -12"><span class='ocrx_word' id='word_1_45' title='bbox 239 770 472 818; x_wconf 84' lang='lat' dir='ltr'>Corripiunt,</span> <span class='ocrx_word' id='word_1_46' title='bbox 492 774 681 818; x_wconf 87' lang='lat' dir='ltr'>spirisque</span> <span class='ocrx_word' id='word_1_47' title='bbox 695 772 824 818; x_wconf 85' lang='lat' dir='ltr'>ligant</span> <span class='ocrx_word' id='word_1_48' title='bbox 840 773 1064 818; x_wconf 76' lang='lat' dir='ltr'>ingentibus</span> <span class='ocrx_word' id='word_1_49' title='bbox 1078 785 1087 810; x_wconf 76' lang='grc' dir='ltr'><em>τ</em></span> <span class='ocrx_word' id='word_1_50' title='bbox 1115 777 1155 809; x_wconf 81' lang='lat' dir='ltr'>et</span> <span class='ocrx_word' id='word_1_51' title='bbox 1170 772 1252 818; x_wconf 83' lang='lat' dir='ltr'>jam</span> 
     </span>
     <span class='ocr_line' id='line_1_10' title="bbox 238 832 1251 880; baseline 0.002 -13"><span class='ocrx_word' id='word_1_52' title='bbox 238 833 307 868; x_wconf 90' lang='lat' dir='ltr'>Bis</span> <span class='ocrx_word' id='word_1_53' title='bbox 323 832 494 869; x_wconf 89' lang='lat' dir='ltr'>medium</span> <span class='ocrx_word' id='word_1_54' title='bbox 511 834 690 879; x_wconf 87' lang='lat' dir='ltr'>amplexi,</span> <span class='ocrx_word' id='word_1_55' title='bbox 711 833 772 871; x_wconf 91' lang='lat' dir='ltr'>bis</span> <span class='ocrx_word' id='word_1_56' title='bbox 789 834 889 871; x_wconf 90' lang='lat' dir='ltr'>collo</span> <span class='ocrx_word' id='word_1_57' title='bbox 906 846 1090 880; x_wconf 86' lang='lat' dir='ltr'>squamea</span> <span class='ocrx_word' id='word_1_58' title='bbox 1105 836 1251 870; x_wconf 86' lang='lat' dir='ltr'>circum</span> 
     </span>
     <span class='ocr_line' id='line_1_11' title="bbox 238 893 1234 940; baseline 0.002 -12"><span class='ocrx_word' id='word_1_59' title='bbox 238 893 360 938; x_wconf 81' lang='lat' dir='ltr'>Terga</span> <span class='ocrx_word' id='word_1_60' title='bbox 379 893 474 938; x_wconf 88' lang='lat' dir='ltr'>dati,</span> <span class='ocrx_word' id='word_1_61' title='bbox 497 899 682 939; x_wconf 84' lang='lat' dir='ltr'>superant</span> <span class='ocrx_word' id='word_1_62' title='bbox 699 898 826 940; x_wconf 86' lang='lat' dir='ltr'>capite</span> <span class='ocrx_word' id='word_1_63' title='bbox 842 899 881 931; x_wconf 87' lang='lat' dir='ltr'>et</span> <span class='ocrx_word' id='word_1_64' title='bbox 898 895 1113 932; x_wconf 87' lang='lat' dir='ltr'>cervicibus</span> <span class='ocrx_word' id='word_1_65' title='bbox 1131 894 1234 931; x_wconf 90' lang='lat' dir='ltr'>altis.</span> 
     </span>
     <span class='ocr_line' id='line_1_12' title="bbox 239 953 1132 1000; baseline 0.003 -11"><span class='ocrx_word' id='word_1_66' title='bbox 239 953 309 990; x_wconf 90' lang='lat' dir='ltr'>Ille</span> <span class='ocrx_word' id='word_1_67' title='bbox 325 954 442 990; x_wconf 86' lang='lat' dir='ltr'>simul</span> <span class='ocrx_word' id='word_1_68' title='bbox 458 955 640 992; x_wconf 90' lang='lat' dir='ltr'>manibus</span> <span class='ocrx_word' id='word_1_69' title='bbox 657 955 784 992; x_wconf 86' lang='lat' dir='ltr'>tendit</span> <span class='ocrx_word' id='word_1_70' title='bbox 802 955 982 993; x_wconf 85' lang='lat' dir='ltr'>divellere</span> <span class='ocrx_word' id='word_1_71' title='bbox 998 956 1132 1000; x_wconf 87' lang='lat' dir='ltr'>nodos,</span> 
     </span>
     <span class='ocr_line' id='line_1_13' title="bbox 239 1015 1058 1065; baseline 0.004 -14"><span class='ocrx_word' id='word_1_72' title='bbox 239 1015 425 1052; x_wconf 81' lang='lat' dir='ltr'>Perfusus</span> <span class='ocrx_word' id='word_1_73' title='bbox 444 1019 553 1053; x_wconf 88' lang='lat' dir='ltr'>sanie</span> <span class='ocrx_word' id='word_1_74' title='bbox 568 1019 692 1053; x_wconf 85' lang='lat' dir='ltr'>vittas</span> <span class='ocrx_word' id='word_1_75' title='bbox 711 1021 871 1063; x_wconf 83' lang='lat' dir='ltr'>atroque</span> <span class='ocrx_word' id='word_1_76' title='bbox 887 1029 1035 1054; x_wconf 89' lang='lat' dir='ltr'>veneno</span> <span class='ocrx_word' id='word_1_77' title='bbox 1049 1030 1058 1065; x_wconf 68' lang='grc' dir='ltr'><strong><em>ς</em></strong></span> 
     </span>
     <span class='ocr_line' id='line_1_14' title="bbox 239 1077 1156 1117; baseline 0.001 -3"><span class='ocrx_word' id='word_1_78' title='bbox 239 1077 436 1114; x_wconf 77' lang='lat' dir='ltr'>Clamores</span> <span class='ocrx_word' id='word_1_79' title='bbox 453 1078 570 1114; x_wconf 86' lang='lat' dir='ltr'>simul</span> <span class='ocrx_word' id='word_1_80' title='bbox 587 1077 800 1115; x_wconf 85' lang='lat' dir='ltr'>horrendos</span> <span class='ocrx_word' id='word_1_81' title='bbox 818 1078 868 1115; x_wconf 89' lang='lat' dir='ltr'>ad</span> <span class='ocrx_word' id='word_1_82' title='bbox 886 1078 1013 1115; x_wconf 83' lang='lat' dir='ltr'>sidera</span> <span class='ocrx_word' id='word_1_83' title='bbox 1025 1079 1156 1117; x_wconf 73' lang='lat' dir='ltr'>tollit:</span> 
     </span>
     <span class='ocr_line' id='line_1_15' title="bbox 239 1137 1123 1185; baseline 0.002 -11"><span class='ocrx_word' id='word_1_84' title='bbox 239 1137 382 1182; x_wconf 87' lang='lat' dir='ltr'>Quales</span> <span class='ocrx_word' id='word_1_85' title='bbox 399 1141 585 1185; x_wconf 88' lang='lat' dir='ltr'>mugitus,</span> <span class='ocrx_word' id='word_1_86' title='bbox 609 1139 714 1184; x_wconf 75' lang='lat' dir='ltr'>fugit</span> <span class='ocrx_word' id='word_1_87' title='bbox 730 1152 819 1176; x_wconf 93' lang='lat' dir='ltr'>cum</span> <span class='ocrx_word' id='word_1_88' title='bbox 838 1143 995 1177; x_wconf 78' lang='lat' dir='ltr'>saucius</span> <span class='ocrx_word' id='word_1_89' title='bbox 1012 1153 1123 1176; x_wconf 86' lang='lat' dir='ltr'>aram</span> 
     </span>
     <span class='ocr_line' id='line_1_16' title="bbox 237 1199 1213 1245; baseline 0.003 -10"><span class='ocrx_word' id='word_1_90' title='bbox 237 1199 400 1245; x_wconf 81' lang='lat' dir='ltr'>Taurus,</span> <span class='ocrx_word' id='word_1_91' title='bbox 422 1204 461 1236; x_wconf 88' lang='lat' dir='ltr'>et</span> <span class='ocrx_word' id='word_1_92' title='bbox 478 1202 668 1236; x_wconf 73' lang='lat' dir='ltr'>incertam</span> <span class='ocrx_word' id='word_1_93' title='bbox 684 1203 856 1237; x_wconf 82' lang='lat' dir='ltr'>excussit</span> <span class='ocrx_word' id='word_1_94' title='bbox 873 1207 1024 1238; x_wconf 80' lang='lat' dir='ltr'>cervice</span> <span class='ocrx_word' id='word_1_95' title='bbox 1038 1203 1213 1238; x_wconf 86' lang='lat' dir='ltr'>securim.</span> 
     </span>
     <span class='ocr_line' id='line_1_17' title="bbox 239 1260 1206 1305; baseline 0.002 -9"><span class='ocrx_word' id='word_1_96' title='bbox 239 1261 294 1296; x_wconf 79' lang='lat' dir='ltr'>At</span> <span class='ocrx_word' id='word_1_97' title='bbox 311 1262 456 1305; x_wconf 86' lang='lat' dir='ltr'>gemini</span> <span class='ocrx_word' id='word_1_98' title='bbox 472 1260 586 1305; x_wconf 89' lang='lat' dir='ltr'>lapsu</span> <span class='ocrx_word' id='word_1_99' title='bbox 603 1260 763 1297; x_wconf 87' lang='lat' dir='ltr'>delubra</span> <span class='ocrx_word' id='word_1_100' title='bbox 781 1261 831 1297; x_wconf 91' lang='lat' dir='ltr'>ad</span> <span class='ocrx_word' id='word_1_101' title='bbox 849 1274 1003 1298; x_wconf 88' lang='lat' dir='ltr'>summa</span> <span class='ocrx_word' id='word_1_102' title='bbox 1021 1261 1206 1298; x_wconf 80' lang='lat' dir='ltr'>dracones</span> 
     </span>
     <span class='ocr_line' id='line_1_18' title="bbox 239 1319 1243 1365; baseline 0.002 -12"><span class='ocrx_word' id='word_1_103' title='bbox 239 1319 454 1364; x_wconf 70' lang='lat' dir='ltr'>Effugiant,</span> <span class='ocrx_word' id='word_1_104' title='bbox 477 1331 690 1364; x_wconf 89' lang='lat' dir='ltr'>saevaeque</span> <span class='ocrx_word' id='word_1_105' title='bbox 706 1325 844 1365; x_wconf 79' lang='lat' dir='ltr'>petunt</span> <span class='ocrx_word' id='word_1_106' title='bbox 860 1319 1075 1356; x_wconf 79' lang='lat' dir='ltr'>Tritonidis</span> <span class='ocrx_word' id='word_1_107' title='bbox 1093 1332 1243 1365; x_wconf 81' lang='lat' dir='ltr'>arcem3</span> 
     </span>
     <span class='ocr_line' id='line_1_19' title="bbox 240 1379 1298 1426; baseline 0.001 -10"><span class='ocrx_word' id='word_1_108' title='bbox 240 1380 319 1416; x_wconf 88' lang='lat' dir='ltr'>Sub</span> <span class='ocrx_word' id='word_1_109' title='bbox 335 1379 569 1426; x_wconf 85' lang='lat' dir='ltr'>pedibusque</span> <span class='ocrx_word' id='word_1_110' title='bbox 585 1380 687 1416; x_wconf 87' lang='lat' dir='ltr'>Deae</span> <span class='ocrx_word' id='word_1_111' title='bbox 704 1381 888 1426; x_wconf 86' lang='lat' dir='ltr'>clipeique</span> <span class='ocrx_word' id='word_1_112' title='bbox 905 1380 978 1417; x_wconf 89' lang='lat' dir='ltr'>sub</span> <span class='ocrx_word' id='word_1_113' title='bbox 995 1380 1085 1417; x_wconf 89' lang='lat' dir='ltr'>orbe</span> <span class='ocrx_word' id='word_1_114' title='bbox 1102 1384 1298 1425; x_wconf 81' lang='lat' dir='ltr'>teguntur.</span> 
     </span>
     <span class='ocr_line' id='line_1_20' title="bbox 239 1441 1258 1487; baseline 0 -11"><span class='ocrx_word' id='word_1_115' title='bbox 239 1441 338 1476; x_wconf 88' lang='lat' dir='ltr'>Tum</span> <span class='ocrx_word' id='word_1_116' title='bbox 353 1453 446 1477; x_wconf 85' lang='lat' dir='ltr'>vero</span> <span class='ocrx_word' id='word_1_117' title='bbox 462 1442 691 1478; x_wconf 85' lang='lat' dir='ltr'>tremefacta</span> <span class='ocrx_word' id='word_1_118' title='bbox 707 1453 835 1478; x_wconf 86' lang='lat' dir='ltr'>novus</span> <span class='ocrx_word' id='word_1_119' title='bbox 851 1454 918 1486; x_wconf 86' lang='lat' dir='ltr'>per</span> <span class='ocrx_word' id='word_1_120' title='bbox 935 1446 1090 1487; x_wconf 88' lang='lat' dir='ltr'>pectora</span> <span class='ocrx_word' id='word_1_121' title='bbox 1108 1444 1258 1477; x_wconf 85' lang='lat' dir='ltr'>cunctis</span> 
     </span>
     <span class='ocr_line' id='line_1_21' title="bbox 240 1501 1259 1549; baseline 0 -12"><span class='ocrx_word' id='word_1_122' title='bbox 240 1501 422 1538; x_wconf 88' lang='lat' dir='ltr'>Insinuat</span> <span class='ocrx_word' id='word_1_123' title='bbox 438 1514 561 1547; x_wconf 82' lang='lat' dir='ltr'>pavor</span> <span class='ocrx_word' id='word_1_124' title='bbox 575 1515 584 1549; x_wconf 82' lang='lat'>3</span> <span class='ocrx_word' id='word_1_125' title='bbox 612 1506 651 1538; x_wconf 84' lang='lat' dir='ltr'>et</span> <span class='ocrx_word' id='word_1_126' title='bbox 669 1502 794 1539; x_wconf 89' lang='lat' dir='ltr'>scelus</span> <span class='ocrx_word' id='word_1_127' title='bbox 809 1502 1036 1548; x_wconf 81' lang='lat' dir='ltr'>expendisse</span> <span class='ocrx_word' id='word_1_128' title='bbox 1051 1508 1259 1539; x_wconf 87' lang='lat' dir='ltr'>merentem</span> 
     </span>
     <span class='ocr_line' id='line_1_22' title="bbox 240 1562 1192 1608; baseline 0.001 -12"><span class='ocrx_word' id='word_1_129' title='bbox 240 1562 464 1597; x_wconf 87' lang='lat' dir='ltr'>Laocoonta</span> <span class='ocrx_word' id='word_1_130' title='bbox 482 1562 622 1608; x_wconf 82' lang='lat' dir='ltr'>ferunt,</span> <span class='ocrx_word' id='word_1_131' title='bbox 646 1574 801 1598; x_wconf 89' lang='lat' dir='ltr'>sacrum</span> <span class='ocrx_word' id='word_1_132' title='bbox 818 1564 886 1608; x_wconf 88' lang='lat' dir='ltr'>qui</span> <span class='ocrx_word' id='word_1_133' title='bbox 902 1562 1060 1607; x_wconf 86' lang='lat' dir='ltr'>cuspide</span> <span class='ocrx_word' id='word_1_134' title='bbox 1075 1562 1192 1598; x_wconf 86' lang='lat' dir='ltr'>robur</span> 
     </span>
     <span class='ocr_line' id='line_1_23' title="bbox 241 1623 1260 1668; baseline 0.001 -10"><span class='ocrx_word' id='word_1_135' title='bbox 241 1623 424 1666; x_wconf 84' lang='lat' dir='ltr'>Laeserit,</span> <span class='ocrx_word' id='word_1_136' title='bbox 447 1626 486 1659; x_wconf 82' lang='lat' dir='ltr'>et</span> <span class='ocrx_word' id='word_1_137' title='bbox 503 1627 613 1668; x_wconf 80' lang='lat' dir='ltr'>tergo</span> <span class='ocrx_word' id='word_1_138' title='bbox 631 1623 859 1660; x_wconf 87' lang='lat' dir='ltr'>sceleratam</span> <span class='ocrx_word' id='word_1_139' title='bbox 875 1624 1075 1659; x_wconf 76' lang='lat' dir='ltr'>intorserit</span> <span class='ocrx_word' id='word_1_140' title='bbox 1093 1623 1260 1659; x_wconf 86' lang='lat' dir='ltr'>hastam.</span> 
     </span>
     <span class='ocr_line' id='line_1_24' title="bbox 241 1683 1330 1731; baseline 0 -11"><span class='ocrx_word' id='word_1_141' title='bbox 241 1683 468 1720; x_wconf 88' lang='lat' dir='ltr'>Ducendum</span> <span class='ocrx_word' id='word_1_142' title='bbox 485 1683 537 1720; x_wconf 90' lang='lat' dir='ltr'>ad</span> <span class='ocrx_word' id='word_1_143' title='bbox 553 1684 661 1721; x_wconf 85' lang='lat' dir='ltr'>sedes</span> <span class='ocrx_word' id='word_1_144' title='bbox 679 1683 942 1731; x_wconf 84' lang='lat' dir='ltr'>simulacrum,</span> <span class='ocrx_word' id='word_1_145' title='bbox 966 1684 1188 1729; x_wconf 83' lang='lat' dir='ltr'>orandaque</span> <span class='ocrx_word' id='word_1_146' title='bbox 1206 1685 1330 1720; x_wconf 84' lang='lat' dir='ltr'>Divae</span> 
     </span>
     <span class='ocr_line' id='line_1_25' title="bbox 242 1745 691 1783; baseline 0 -1"><span class='ocrx_word' id='word_1_147' title='bbox 242 1746 415 1782; x_wconf 86' lang='lat' dir='ltr'>Numina</span> <span class='ocrx_word' id='word_1_148' title='bbox 431 1745 691 1783; x_wconf 85' lang='lat' dir='ltr'>conclamant.</span> 
     </span>
    </p>

    <p class='ocr_par' dir='ltr' id='par_1_3' title="bbox 242 1805 1266 2095">
     <span class='ocr_line' id='line_1_26' title="bbox 290 1805 1265 1853; baseline 0.002 -12"><span class='ocrx_word' id='word_1_149' title='bbox 290 1805 512 1843; x_wconf 87' lang='lat' dir='ltr'>Dividimus</span> <span class='ocrx_word' id='word_1_150' title='bbox 528 1819 670 1853; x_wconf 87' lang='lat' dir='ltr'>muros,</span> <span class='ocrx_word' id='word_1_151' title='bbox 693 1811 732 1843; x_wconf 83' lang='lat' dir='ltr'>et</span> <span class='ocrx_word' id='word_1_152' title='bbox 749 1808 903 1844; x_wconf 89' lang='lat' dir='ltr'>moenia</span> <span class='ocrx_word' id='word_1_153' title='bbox 919 1806 1128 1852; x_wconf 89' lang='lat' dir='ltr'>pandimus</span> <span class='ocrx_word' id='word_1_154' title='bbox 1145 1806 1265 1843; x_wconf 84' lang='lat' dir='ltr'>urbis.</span> 
     </span>
     <span class='ocr_line' id='line_1_27' title="bbox 242 1868 1214 1915; baseline -0.001 -11"><span class='ocrx_word' id='word_1_155' title='bbox 242 1868 466 1912; x_wconf 87' lang='lat' dir='ltr'>Accingunt</span> <span class='ocrx_word' id='word_1_156' title='bbox 482 1879 616 1904; x_wconf 90' lang='lat' dir='ltr'>omnes</span> <span class='ocrx_word' id='word_1_157' title='bbox 633 1870 738 1912; x_wconf 89' lang='lat' dir='ltr'>operi</span> <span class='ocrx_word' id='word_1_158' title='bbox 752 1880 761 1915; x_wconf 79' lang='lat'><em>3</em></span> <span class='ocrx_word' id='word_1_159' title='bbox 788 1868 1022 1914; x_wconf 89' lang='lat' dir='ltr'>pedibusque</span> <span class='ocrx_word' id='word_1_160' title='bbox 1038 1873 1214 1904; x_wconf 85' lang='lat' dir='ltr'>rotarum</span> 
     </span>
     <span class='ocr_line' id='line_1_28' title="bbox 243 1927 1157 1974; baseline -0.001 -10"><span class='ocrx_word' id='word_1_161' title='bbox 243 1928 462 1972; x_wconf 86' lang='lat' dir='ltr'>Subjiciunt</span> <span class='ocrx_word' id='word_1_162' title='bbox 478 1927 623 1974; x_wconf 88' lang='lat' dir='ltr'>lapsus,</span> <span class='ocrx_word' id='word_1_163' title='bbox 645 1932 685 1964; x_wconf 79' lang='lat' dir='ltr'>et</span> <span class='ocrx_word' id='word_1_164' title='bbox 702 1932 865 1973; x_wconf 85' lang='lat' dir='ltr'>stuppea</span> <span class='ocrx_word' id='word_1_165' title='bbox 881 1928 1041 1965; x_wconf 83' lang='lat' dir='ltr'>vincula</span> <span class='ocrx_word' id='word_1_166' title='bbox 1058 1928 1157 1964; x_wconf 91' lang='lat' dir='ltr'>collo</span> 
     </span>
     <span class='ocr_line' id='line_1_29' title="bbox 243 1987 1200 2034; baseline 0.001 -10"><span class='ocrx_word' id='word_1_167' title='bbox 243 1987 466 2025; x_wconf 80' lang='lat' dir='ltr'>Intendunt.</span> <span class='ocrx_word' id='word_1_168' title='bbox 524 1988 686 2025; x_wconf 85' lang='lat' dir='ltr'>Scandit</span> <span class='ocrx_word' id='word_1_169' title='bbox 702 1989 839 2025; x_wconf 79' lang='lat' dir='ltr'>fatalis</span> <span class='ocrx_word' id='word_1_170' title='bbox 856 1988 1039 2025; x_wconf 85' lang='lat' dir='ltr'>machina</span> <span class='ocrx_word' id='word_1_171' title='bbox 1056 2001 1200 2034; x_wconf 89' lang='lat' dir='ltr'>muros,</span> 
     </span>
     <span class='ocr_line' id='line_1_30' title="bbox 243 2049 1266 2095; baseline 0.001 -10"><span class='ocrx_word' id='word_1_172' title='bbox 243 2049 340 2085; x_wconf 84' lang='lat' dir='ltr'>Feta</span> <span class='ocrx_word' id='word_1_173' title='bbox 357 2052 489 2086; x_wconf 88' lang='lat' dir='ltr'>armis.</span> <span class='ocrx_word' id='word_1_174' title='bbox 543 2049 662 2086; x_wconf 88' lang='lat' dir='ltr'>Pueri</span> <span class='ocrx_word' id='word_1_175' title='bbox 677 2051 824 2085; x_wconf 88' lang='lat' dir='ltr'>circum</span> <span class='ocrx_word' id='word_1_176' title='bbox 841 2052 1101 2094; x_wconf 88' lang='lat' dir='ltr'>innuptaeque</span> <span class='ocrx_word' id='word_1_177' title='bbox 1116 2049 1266 2095; x_wconf 85' lang='lat' dir='ltr'>puellae</span> 
     </span>
    </p>
   </div>
   <div class='ocr_carea' id='block_1_3' title="bbox 245 2110 1342 2156">
    <p class='ocr_par' dir='ltr' id='par_1_4' title="bbox 245 2110 1342 2156">
     <span class='ocr_line' id='line_1_31' title="bbox 245 2110 1342 2156; baseline 0 -10"><span class='ocrx_word' id='word_1_178' title='bbox 245 2110 364 2147; x_wconf 85' lang='lat' dir='ltr'>Sacra</span> <span class='ocrx_word' id='word_1_179' title='bbox 380 2114 538 2156; x_wconf 82' lang='lat' dir='ltr'>canunt,</span> <span class='ocrx_word' id='word_1_180' title='bbox 562 2111 769 2155; x_wconf 80' lang='lat' dir='ltr'>funemque</span> <span class='ocrx_word' id='word_1_181' title='bbox 784 2123 904 2146; x_wconf 86' lang='lat' dir='ltr'>manu</span> <span class='ocrx_word' id='word_1_182' title='bbox 922 2112 1145 2155; x_wconf 87' lang='lat' dir='ltr'>contingere</span> <span class='ocrx_word' id='word_1_183' title='bbox 1160 2110 1342 2154; x_wconf 88' lang='lat' dir='ltr'>gaudent.</span> 
     </span>
    </p>
   </div>
   <div class='ocr_carea' id='block_1_4' title="bbox 244 2171 1340 2277">
    <p class='ocr_par' dir='ltr' id='par_1_5' title="bbox 244 2171 1340 2277">
     <span class='ocr_line' id='line_1_32' title="bbox 244 2171 1173 2217; baseline -0.002 -9"><span class='ocrx_word' id='word_1_184' title='bbox 244 2171 320 2208; x_wconf 78' lang='lat' dir='ltr'>Illa</span> <span class='ocrx_word' id='word_1_185' title='bbox 337 2171 451 2217; x_wconf 77' lang='lat' dir='ltr'>subit,</span> <span class='ocrx_word' id='word_1_186' title='bbox 475 2171 695 2216; x_wconf 87' lang='lat' dir='ltr'>mediaeque</span> <span class='ocrx_word' id='word_1_187' title='bbox 712 2174 868 2207; x_wconf 88' lang='lat' dir='ltr'>minans</span> <span class='ocrx_word' id='word_1_188' title='bbox 886 2171 1060 2207; x_wconf 89' lang='lat' dir='ltr'>illabitur</span> <span class='ocrx_word' id='word_1_189' title='bbox 1077 2171 1173 2207; x_wconf 84' lang='lat' dir='ltr'>urbi.</span> 
     </span>
     <span class='ocr_line' id='line_1_33' title="bbox 296 2231 1340 2277; baseline 0.001 -10"><span class='ocrx_word' id='word_1_190' title='bbox 296 2231 328 2268; x_wconf 94' lang='lat' dir='ltr'>O</span> <span class='ocrx_word' id='word_1_191' title='bbox 346 2234 485 2277; x_wconf 86' lang='lat' dir='ltr'>patria,</span> <span class='ocrx_word' id='word_1_192' title='bbox 509 2244 532 2267; x_wconf 93' lang='grc' dir='ltr'>ο</span> <span class='ocrx_word' id='word_1_193' title='bbox 549 2232 695 2268; x_wconf 89' lang='lat' dir='ltr'>Divum</span> <span class='ocrx_word' id='word_1_194' title='bbox 712 2232 850 2267; x_wconf 89' lang='lat' dir='ltr'>domus</span> <span class='ocrx_word' id='word_1_195' title='bbox 868 2232 995 2275; x_wconf 85' lang='lat' dir='ltr'>Ilium,</span> <span class='ocrx_word' id='word_1_196' title='bbox 1018 2236 1057 2266; x_wconf 87' lang='lat' dir='ltr'>et</span> <span class='ocrx_word' id='word_1_197' title='bbox 1074 2232 1223 2268; x_wconf 84' lang='lat' dir='ltr'>incluta</span> <span class='ocrx_word' id='word_1_198' title='bbox 1239 2231 1340 2268; x_wconf 82' lang='lat' dir='ltr'>bello</span> 
     </span>
    </p>
   </div>
   <div class='ocr_carea' id='block_1_5' title="bbox 1431 345 1507 383">
    <p class='ocr_par' dir='ltr' id='par_1_6' title="bbox 1431 345 1507 383">
     <span class='ocr_line' id='line_1_34' title="bbox 1431 345 1507 383; baseline -0.026 0"><span class='ocrx_word' id='word_1_199' title='bbox 1431 345 1507 383; x_wconf 94' lang='grc'>210</span> 
     </span>
    </p>
   </div>
   <div class='ocr_carea' id='block_1_6' title="bbox 1431 651 1506 688">
    <p class='ocr_par' dir='ltr' id='par_1_7' title="bbox 1431 651 1506 688">
     <span class='ocr_line' id='line_1_35' title="bbox 1431 651 1506 688; baseline -0.027 0"><span class='ocrx_word' id='word_1_200' title='bbox 1431 651 1506 688; x_wconf 94' lang='grc'>215</span> 
     </span>
    </p>
   </div>
   <div class='ocr_carea' id='block_1_7' title="bbox 1431 956 1507 992">
    <p class='ocr_par' dir='ltr' id='par_1_8' title="bbox 1431 956 1507 992">
     <span class='ocr_line' id='line_1_36' title="bbox 1431 956 1507 992; baseline -0.013 0"><span class='ocrx_word' id='word_1_201' title='bbox 1431 956 1507 992; x_wconf 90' lang='grc'>220</span> 
     </span>
    </p>
   </div>
   <div class='ocr_carea' id='block_1_8' title="bbox 1433 1261 1508 1298">
    <p class='ocr_par' dir='ltr' id='par_1_9' title="bbox 1433 1261 1508 1298">
     <span class='ocr_line' id='line_1_37' title="bbox 1433 1261 1508 1298; baseline -0.013 0"><span class='ocrx_word' id='word_1_202' title='bbox 1433 1261 1508 1298; x_wconf 86' lang='grc'>225</span> 
     </span>
    </p>
   </div>
   <div class='ocr_carea' id='block_1_9' title="bbox 1434 1562 1508 1598">
    <p class='ocr_par' dir='ltr' id='par_1_10' title="bbox 1434 1562 1508 1598">
     <span class='ocr_line' id='line_1_38' title="bbox 1434 1562 1508 1598; baseline -0.014 0"><span class='ocrx_word' id='word_1_203' title='bbox 1434 1562 1508 1598; x_wconf 85' lang='grc'>230</span> 
     </span>
    </p>
   </div>
   <div class='ocr_carea' id='block_1_10' title="bbox 1436 1868 1509 1904">
    <p class='ocr_par' dir='ltr' id='par_1_11' title="bbox 1436 1868 1509 1904">
     <span class='ocr_line' id='line_1_39' title="bbox 1436 1868 1509 1904; baseline -0.014 0"><span class='ocrx_word' id='word_1_204' title='bbox 1436 1868 1509 1904; x_wconf 91' lang='grc'>235</span> 
     </span>
    </p>
   </div>
   <div class='ocr_carea' id='block_1_11' title="bbox 1438 2171 1512 2207">
    <p class='ocr_par' dir='ltr' id='par_1_12' title="bbox 1438 2171 1512 2207">
     <span class='ocr_line' id='line_1_40' title="bbox 1438 2171 1512 2207; baseline -0.014 0"><span class='ocrx_word' id='word_1_205' title='bbox 1438 2171 1512 2207; x_wconf 84' lang='grc'>240</span> 
     </span>
    </p>
   </div>
  </div>
 </body>
</html>
